<collection xmlns="http://www.loc.gov/MARC21/slim">
<record>
  <leader>03813cjm a2200697 a 4500</leader>
  <controlfield tag="001">15571313</controlfield>
  <controlfield tag="005">20200103130404.0</controlfield>
  <controlfield tag="007">sd fzngnnmmned</controlfield>
  <controlfield tag="007">sd fsngnnmmned</controlfield>
  <controlfield tag="008">081230p20082005caumun|  defhi    | lat d</controlfield>
  <datafield tag="906" ind1=" " ind2=" ">
    <subfield code="a">7</subfield>
    <subfield code="b">cbc</subfield>
    <subfield code="c">copycat</subfield>
    <subfield code="d">2</subfield>
    <subfield code="e">ncip</subfield>
    <subfield code="f">20</subfield>
    <subfield code="g">y-soundrec</subfield>
  </datafield>
  <datafield tag="925" ind1="0" ind2=" ">
    <subfield code="a">acquire</subfield>
    <subfield code="b">2 shelf copies</subfield>
    <subfield code="x">policy default</subfield>
  </datafield>
  <datafield tag="955" ind1=" " ind2=" ">
    <subfield code="a">hh06 2008-12-30 to SMCD</subfield>
    <subfield code="a">qr28 2010-11-30 z-client</subfield>
    <subfield code="i">qr28 2010-11-30</subfield>
    <subfield code="a">qr06/qr01 2011-09-02 (rev.)</subfield>
  </datafield>
  <datafield tag="010" ind1=" " ind2=" ">
    <subfield code="a">  2010623442</subfield>
  </datafield>
  <datafield tag="024" ind1="1" ind2=" ">
    <subfield code="a">093046748067</subfield>
  </datafield>
  <datafield tag="028" ind1="0" ind2="2">
    <subfield code="a">HMU 807480</subfield>
    <subfield code="b">Harmonia Mundi</subfield>
  </datafield>
  <datafield tag="033" ind1="2" ind2=" ">
    <subfield code="a">200517--</subfield>
    <subfield code="a">200803--</subfield>
    <subfield code="b">5754</subfield>
    <subfield code="c">O9</subfield>
  </datafield>
  <datafield tag="035" ind1=" " ind2=" ">
    <subfield code="a">(OCoLC)ocn262898169</subfield>
  </datafield>
  <datafield tag="040" ind1=" " ind2=" ">
    <subfield code="a">BTCTA</subfield>
    <subfield code="c">BTCTA</subfield>
    <subfield code="d">OCLCQ</subfield>
    <subfield code="d">MLCPP</subfield>
    <subfield code="d">CUS</subfield>
    <subfield code="d">VP@</subfield>
    <subfield code="d">ISM</subfield>
    <subfield code="d">DLC</subfield>
  </datafield>
  <datafield tag="041" ind1="0" ind2=" ">
    <subfield code="d">lat</subfield>
    <subfield code="e">eng</subfield>
    <subfield code="e">fre</subfield>
    <subfield code="e">ger</subfield>
    <subfield code="e">lat</subfield>
    <subfield code="h">lat</subfield>
    <subfield code="g">eng</subfield>
    <subfield code="g">fre</subfield>
    <subfield code="g">ger</subfield>
    <subfield code="h">fre</subfield>
  </datafield>
  <datafield tag="042" ind1=" " ind2=" ">
    <subfield code="a">lccopycat</subfield>
  </datafield>
  <datafield tag="047" ind1=" " ind2=" ">
    <subfield code="a">rq</subfield>
    <subfield code="a">ms</subfield>
    <subfield code="a">pr</subfield>
    <subfield code="a">fg</subfield>
  </datafield>
  <datafield tag="048" ind1=" " ind2=" ">
    <subfield code="a">ca</subfield>
    <subfield code="a">ob</subfield>
    <subfield code="a">kb01</subfield>
  </datafield>
  <datafield tag="048" ind1=" " ind2=" ">
    <subfield code="a">kb01</subfield>
  </datafield>
  <datafield tag="048" ind1=" " ind2=" ">
    <subfield code="a">ca</subfield>
  </datafield>
  <datafield tag="048" ind1=" " ind2=" ">
    <subfield code="a">cc</subfield>
    <subfield code="a">kb01</subfield>
    <subfield code="b">ve01</subfield>
  </datafield>
  <datafield tag="050" ind1="0" ind2="0">
    <subfield code="a">SDC 06237</subfield>
  </datafield>
  <datafield tag="100" ind1="1" ind2=" ">
    <subfield code="a">Duruflé, Maurice,</subfield>
    <subfield code="d">1902-1986.</subfield>
  </datafield>
  <datafield tag="240" ind1="1" ind2="0">
    <subfield code="a">Works.</subfield>
    <subfield code="k">Selections</subfield>
  </datafield>
  <datafield tag="245" ind1="1" ind2="0">
    <subfield code="a">Requiem, op. 9</subfield>
    <subfield code="h">[sound recording] ;</subfield>
    <subfield code="b">Quatre motets ; Messe Cum jubilo ; 4 pieces for organ /</subfield>
    <subfield code="c">Duruflé.</subfield>
  </datafield>
  <datafield tag="260" ind1=" " ind2=" ">
    <subfield code="a">Burbank, Calif. :</subfield>
    <subfield code="b">Harmonia Mundi :</subfield>
    <subfield code="b">Production USA,</subfield>
    <subfield code="c">p2008.</subfield>
  </datafield>
  <datafield tag="300" ind1=" " ind2=" ">
    <subfield code="a">1 sound disc (74 min., 58 sec.) :</subfield>
    <subfield code="b">digital, stereo., SACD ;</subfield>
    <subfield code="c">4 3/4 in.</subfield>
  </datafield>
  <datafield tag="306" ind1=" " ind2=" ">
    <subfield code="a">011458</subfield>
  </datafield>
  <datafield tag="500" ind1=" " ind2=" ">
    <subfield code="a">The 1st work for choir, small orchestra, and organ; the 2nd, 5th, and 6th works for organ; the 3rd work for unspecified instrumentation, performed on organ; the 4th work for unacc. mixed voices; the 7th work originally for baritone soloist, baritone chorus, orchestra, and organ, arr. for baritone soloist, baritone chorus, and organ.</subfield>
  </datafield>
  <datafield tag="546" ind1=" " ind2=" ">
    <subfield code="a">Sung in Latin.</subfield>
  </datafield>
  <datafield tag="511" ind1="0" ind2=" ">
    <subfield code="a">Magid El-Bushra, countertenor (1st work) ; Peter Harvey, baritone (1st work) ; Mark Chaundy, tenor (7th work) ; Martin Ford (1st-3rd, 5th-6th works), Richard Pinel (7th work), organ ; The Choir of Magdalen College, Oxford ; English Sinfonia (1st work) ; Bill Ives, conductor.</subfield>
  </datafield>
  <datafield tag="518" ind1=" " ind2=" ">
    <subfield code="a">Recorded at Magdalen College, Oxford, England in Mar. 2008 and July 2005.</subfield>
  </datafield>
  <datafield tag="500" ind1=" " ind2=" ">
    <subfield code="a">Super audio compact disc.</subfield>
  </datafield>
  <datafield tag="500" ind1=" " ind2=" ">
    <subfield code="a">Program and biographical notes in French with English and German translations, and texts in Latin with English, French and German translations (43 p. : ports.) inserted in container.</subfield>
  </datafield>
  <datafield tag="505" ind1="0" ind2=" ">
    <subfield code="a">Requiem, op. 9 : third version for choir, small orchestra &amp; organ (1961) (34:37) -- Prélude sur l&apos;introït de l&apos;Épiphanie (2:06) -- Fugue on a theme by Henri Rabaud (4:52) -- Quatre motets sur des thèmes grégoriens : op. 10 (8:21) -- Chant donné en hommage à Jean Gallon (1:52) -- Méditation : pour orgue (4:03) -- Messe Cum jubilo : op. 11 (18:55).</subfield>
  </datafield>
  <datafield tag="650" ind1=" " ind2="0">
    <subfield code="a">Requiems.</subfield>
  </datafield>
  <datafield tag="650" ind1=" " ind2="0">
    <subfield code="a">Organ music.</subfield>
  </datafield>
  <datafield tag="650" ind1=" " ind2="0">
    <subfield code="a">Canons, fugues, etc. (Organ)</subfield>
  </datafield>
  <datafield tag="650" ind1=" " ind2="0">
    <subfield code="a">Motets.</subfield>
  </datafield>
  <datafield tag="650" ind1=" " ind2="0">
    <subfield code="a">Choruses, Sacred (Mixed voices), Unaccompanied.</subfield>
  </datafield>
  <datafield tag="650" ind1=" " ind2="0">
    <subfield code="a">Masses (Men&apos;s voices)</subfield>
  </datafield>
  <datafield tag="700" ind1="1" ind2=" ">
    <subfield code="a">El-Bushra, Magid.</subfield>
    <subfield code="4">prf</subfield>
  </datafield>
  <datafield tag="700" ind1="1" ind2=" ">
    <subfield code="a">Harvey, Peter,</subfield>
    <subfield code="d">1958-</subfield>
    <subfield code="4">prf</subfield>
  </datafield>
  <datafield tag="700" ind1="1" ind2=" ">
    <subfield code="a">Chaundy, Mark.</subfield>
    <subfield code="4">prf</subfield>
  </datafield>
  <datafield tag="700" ind1="1" ind2=" ">
    <subfield code="a">Ford, Martin</subfield>
    <subfield code="c">(Organist)</subfield>
    <subfield code="4">prf</subfield>
  </datafield>
  <datafield tag="700" ind1="1" ind2=" ">
    <subfield code="a">Pinel, Richard.</subfield>
    <subfield code="4">prf</subfield>
  </datafield>
  <datafield tag="700" ind1="1" ind2=" ">
    <subfield code="a">Ives, Grayston.</subfield>
    <subfield code="4">cnd</subfield>
  </datafield>
  <datafield tag="700" ind1="1" ind2="2">
    <subfield code="a">Duruflé, Maurice,</subfield>
    <subfield code="d">1902-1986.</subfield>
    <subfield code="t">Requiem,</subfield>
    <subfield code="n">op. 9.</subfield>
  </datafield>
  <datafield tag="700" ind1="1" ind2="2">
    <subfield code="a">Duruflé, Maurice,</subfield>
    <subfield code="d">1902-1986.</subfield>
    <subfield code="t">Prélude sur l&apos;introit de l&apos;Épiphanie.</subfield>
  </datafield>
  <datafield tag="700" ind1="1" ind2="2">
    <subfield code="a">Duruflé, Maurice,</subfield>
    <subfield code="d">1902-1986.</subfield>
    <subfield code="t">Fugue sur un thème d&apos;Henri Rabaud.</subfield>
  </datafield>
  <datafield tag="700" ind1="1" ind2="2">
    <subfield code="a">Duruflé, Maurice,</subfield>
    <subfield code="d">1902-1986.</subfield>
    <subfield code="t">Motets sur des thèmes grégoriens.</subfield>
  </datafield>
  <datafield tag="700" ind1="1" ind2="2">
    <subfield code="a">Duruflé, Maurice,</subfield>
    <subfield code="d">1902-1986.</subfield>
    <subfield code="t">Chant donné en hommage à Jean Gallon.</subfield>
  </datafield>
  <datafield tag="700" ind1="1" ind2="2">
    <subfield code="a">Duruflé, Maurice,</subfield>
    <subfield code="d">1902-1986.</subfield>
    <subfield code="t">Méditation.</subfield>
  </datafield>
  <datafield tag="700" ind1="1" ind2="2">
    <subfield code="a">Duruflé, Maurice,</subfield>
    <subfield code="d">1902-1986.</subfield>
    <subfield code="t">Messe Cum jubilo;</subfield>
    <subfield code="o">arranged.</subfield>
  </datafield>
  <datafield tag="710" ind1="2" ind2=" ">
    <subfield code="a">Magdalen College (University of Oxford).</subfield>
    <subfield code="b">Choir.</subfield>
    <subfield code="4">prf</subfield>
  </datafield>
  <datafield tag="710" ind1="2" ind2=" ">
    <subfield code="a">English Sinfonia.</subfield>
    <subfield code="4">prf</subfield>
  </datafield>
</record>