
<record>
  <leader>07596ckd a22006737a 4500</leader>
  <controlfield tag="001">15595164</controlfield>
  <controlfield tag="005">20200103221640.0</controlfield>
  <controlfield tag="007">cr||||||||||||</controlfield>
  <controlfield tag="007">kj||||</controlfield>
  <controlfield tag="008">940524s1787    ctunnn| |||||u||||kneng  </controlfield>
  <datafield tag="906" ind1=" " ind2=" ">
    <subfield code="a">7</subfield>
    <subfield code="b">cbc</subfield>
    <subfield code="c">orignew</subfield>
    <subfield code="d">u</subfield>
    <subfield code="e">ncip</subfield>
    <subfield code="f">20</subfield>
    <subfield code="g">y-printpho</subfield>
  </datafield>
  <datafield tag="010" ind1=" " ind2=" ">
    <subfield code="a">  2008661778</subfield>
  </datafield>
  <datafield tag="035" ind1=" " ind2=" ">
    <subfield code="a">(DLC)app1994000765/PP</subfield>
  </datafield>
  <datafield tag="037" ind1=" " ind2=" ">
    <subfield code="a">LC-DIG-ppmsca-17522</subfield>
    <subfield code="b">DLC</subfield>
    <subfield code="c">(digital file from original)</subfield>
  </datafield>
  <datafield tag="037" ind1=" " ind2=" ">
    <subfield code="a">LC-USZ62-96402</subfield>
    <subfield code="b">DLC</subfield>
    <subfield code="c">(b&amp;w film copy neg.)</subfield>
  </datafield>
  <datafield tag="037" ind1=" " ind2=" ">
    <subfield code="a">LC-USZC4-1722</subfield>
    <subfield code="b">DLC</subfield>
    <subfield code="c">(color film copy transparency)</subfield>
  </datafield>
  <datafield tag="037" ind1=" " ind2=" ">
    <subfield code="a">LC-USZCN4-218</subfield>
    <subfield code="b">DLC</subfield>
    <subfield code="c">(color film copy neg.)</subfield>
  </datafield>
  <datafield tag="040" ind1=" " ind2=" ">
    <subfield code="a">DLC</subfield>
    <subfield code="c">DLC</subfield>
    <subfield code="e">gihc</subfield>
  </datafield>
  <datafield tag="050" ind1="0" ind2="0">
    <subfield code="a">PC/US - 1787.D664,</subfield>
    <subfield code="b">no. 1</subfield>
  </datafield>
  <datafield tag="100" ind1="1" ind2=" ">
    <subfield code="a">Doolittle, Amos,</subfield>
    <subfield code="d">1754-1832,</subfield>
    <subfield code="e">engraver</subfield>
  </datafield>
  <datafield tag="245" ind1="1" ind2="4">
    <subfield code="a">The looking glass for 1787. A house divided against itself cannot stand. Mat. chap. 13th verse 26</subfield>
    <subfield code="h">[graphic].</subfield>
  </datafield>
  <datafield tag="260" ind1=" " ind2=" ">
    <subfield code="a">[New Haven] :</subfield>
    <subfield code="c">1787.</subfield>
  </datafield>
  <datafield tag="300" ind1=" " ind2=" ">
    <subfield code="a">1 print :</subfield>
    <subfield code="b">engraving and rocker work, with watercolor on laid paper ;</subfield>
    <subfield code="c">28.7 x 36.7 cm. (image)</subfield>
  </datafield>
  <datafield tag="500" ind1=" " ind2=" ">
    <subfield code="a">Attribution to Amos Doolittle is from the Sotheby&apos;s auction catalog.</subfield>
  </datafield>
  <datafield tag="500" ind1=" " ind2=" ">
    <subfield code="a">Title appears as it is written on the item.</subfield>
  </datafield>
  <datafield tag="510" ind1="4" ind2=" ">
    <subfield code="a">Sotheby&apos;s &quot;Fine Printed and Manuscript Americana.&quot; (Catalog of the auction sale April 16, 1988). New York: Sotheby&apos;s, 1988,</subfield>
    <subfield code="c">no. 44.</subfield>
  </datafield>
  <datafield tag="510" ind1="4" ind2=" ">
    <subfield code="a">Weitenkampf,</subfield>
    <subfield code="c">p. 11.</subfield>
  </datafield>
  <datafield tag="520" ind1="0" ind2=" ">
    <subfield code="a">A satire touching on some of the major issues in Connecticut politics on the eve of the ratification of the U.S. Constitution.  The two rival factions shown are the &quot;Federals,&quot; who represented the trading interests and were for taxes on imports, and the &quot;Antifederals,&quot; who represented agrarian interests and were more receptive to paper money issues. The two groups were also divided on the issue of commutation of military pensions. The artist here evidently sides with the Federals.  Connecticut is symbolized by a wagon (top center) loaded with debts and paper money, the weight of which causes it to sink slowly into the mud. Its driver warns, &quot;Gentlemen this Machine is deep in the mire and you are divided as to its releaf--&quot;  The wagon is pulled in opposite directions by two factions of the state&apos;s Council of Twelve. On the left under a beaming sun are five Federal councillors, who proclaim: &quot;Pay Commutation,&quot; &quot;Drive them to it,&quot; &quot;I abhor the antifederal Faction,&quot; and &quot;Comply with Congress.&quot;  On the right the sky fills with angry storm clouds spewing thunderbolts, while the earth erupts in flames. Below six of the council&apos;s Antifederal members pull on their chain crying: &quot;Tax Luxury,&quot; &quot;the People are oprest,&quot; &quot;curses on to Foederal Govermt.,&quot; &quot;Success to Shays&quot; (an allusion to charges that they sympathized with agrarian radicals led by Daniel Shay in Massachusetts), and &quot;Curse Independence.&quot;  The seventh Antifederal on the council, William Williams (here labeled with his press pseudonym &quot;Agricola&quot;), also appears. He stands defecating at right, with his trousers undone and a small animal--probably a skunk--between his feet. Williams remarks, &quot;I fear &amp; dread the Ides of May&quot; (i.e. the May 15 elections to the upper house). The skunk sprays toward Williams&apos;s enemy Samuel Holden Parsons (far right, identified as &quot;S--H--P&quot;), president of the state&apos;s Society of the Cincinnati.  Parsons, also obscenely bending over, sprays back saying, &quot;A good Shot.&quot;  In the left middleground, &quot;Cato,&quot; a pseudonymous contributor to the &quot;New Haven Gazette,&quot; comments, &quot;I despise your Copper&quot; to the man beside him, who holds a Connecticut coin and mutters, &quot;Cur&apos;s commutation.&quot;  In the center a farmer with a plough, rake, and bottle complains, &quot;Takes all to pay taxes.&quot;  In the left foreground three members of the Connecticut Wits stand on the Mount &quot;Parnassus,&quot;  and read from a scroll &quot;American Antiquities&quot; (excerpts from their &quot;Anarchiad&quot; published in Connecticut newspapers beginning in October 1786). To the right is the Connecticut shoreline and the buildings of Manhattan, the latter threatened by thunderbolts from the upper right. Three merchant vessels ply a body of water below, &quot;From Connecticut to New York paying L40000 per annum Impost.&quot;  In the left corner a tiny figure sits at a w7riting desk, reading a paper with the verse: &quot;Tweedles Studdy/as I sit plodding by my taper.&quot;  This piece alludes to a satirical poem by &quot;Trustless Fox&quot; in the &quot;New Haven Gazette&quot; of November 23, 1786.  Its opening lines are: &quot;As I sat plodding by my taper, I wreaked a glance into the paper . . . .&quot;  The interpretation given above is largely based on the commentary of a Sotheby&apos;s cataloger (see reference below). That writer suggests that &quot;Trustless Fox&quot; and the designer of &quot;The Looking Glass for 1787&quot; may have been one and the same, based on the references to material in the New Haven Press.</subfield>
  </datafield>
  <datafield tag="500" ind1=" " ind2=" ">
    <subfield code="a">Caption label from exhibit &quot;American Treasures--Top Treasures&quot;: A Looking Glass for 1787.  The process of state ratification of the United States Constitution was a divisive one. This satirical, eighteenth-century engraving touches on some of the major issues in the Connecticut politics on the eve of ratification. The two rival factions shown are the “Federals,” supporters of the Constitution who represented the trading interests and were for tariffs on imports, and the “Antifederal,” those committed to agrarian interests and more receptive to paper money issues. The two groups were also divided on the issue of commutation of military pensions. The artist, Amos Doolittle, clearly sides with the Federalist cause. Connecticut is symbolized by a wagon sinking into the mud. Its driver warns, “Gentlemen this Machines is deep in the mire and you are divided as to its releaf--.”</subfield>
  </datafield>
  <datafield tag="540" ind1=" " ind2=" ">
    <subfield code="a">No known restrictions on publication.</subfield>
  </datafield>
  <datafield tag="541" ind1=" " ind2=" ">
    <subfield code="c">Purchase;</subfield>
    <subfield code="a">Sotheby&apos;s;</subfield>
    <subfield code="d">1988</subfield>
    <subfield code="e">(DLC/PP-1988:100).</subfield>
    <subfield code="5">DLC</subfield>
  </datafield>
  <datafield tag="580" ind1=" " ind2=" ">
    <subfield code="a">Forms part of: American cartoon print filing series (Library of Congress)</subfield>
  </datafield>
  <datafield tag="581" ind1=" " ind2=" ">
    <subfield code="a">Published in: American political prints, 1766-1876 / Bernard F. Reilly. Boston : G.K. Hall, 1991, entry 1787-1.</subfield>
  </datafield>
  <datafield tag="585" ind1=" " ind2=" ">
    <subfield code="a">Exhibited in: Creating the United States, Library of Congress, 2008.</subfield>
  </datafield>
  <datafield tag="600" ind1="1" ind2="0">
    <subfield code="a">Parsons, Samuel Holden,</subfield>
    <subfield code="d">1737-1789.</subfield>
  </datafield>
  <datafield tag="610" ind1="1" ind2="4">
    <subfield code="a">United States.</subfield>
    <subfield code="t">Constitution</subfield>
    <subfield code="y">1880-1890.</subfield>
  </datafield>
  <datafield tag="610" ind1="2" ind2="4">
    <subfield code="a">Society of the Cincinnati</subfield>
    <subfield code="y">1880-1890.</subfield>
  </datafield>
  <datafield tag="630" ind1="0" ind2="4">
    <subfield code="a">New-Haven gazette and the Connecticut magazine</subfield>
    <subfield code="y">1880-1890.</subfield>
  </datafield>
  <datafield tag="650" ind1=" " ind2="0">
    <subfield code="a">Shays&apos; Rebellion, 1786-1787.</subfield>
  </datafield>
  <datafield tag="650" ind1=" " ind2="7">
    <subfield code="a">Military service</subfield>
    <subfield code="y">1880-1890.</subfield>
    <subfield code="2">lctgm</subfield>
  </datafield>
  <datafield tag="650" ind1=" " ind2="7">
    <subfield code="a">Monetary policy</subfield>
    <subfield code="y">1880-1890.</subfield>
    <subfield code="2">lctgm</subfield>
  </datafield>
  <datafield tag="650" ind1=" " ind2="7">
    <subfield code="a">Pensions</subfield>
    <subfield code="y">1880-1890.</subfield>
    <subfield code="2">lctgm</subfield>
  </datafield>
  <datafield tag="651" ind1=" " ind2="4">
    <subfield code="a">Connecticut</subfield>
    <subfield code="y">1880-1890.</subfield>
  </datafield>
  <datafield tag="651" ind1=" " ind2="4">
    <subfield code="a">Massachusetts</subfield>
    <subfield code="y">1880-1890.</subfield>
  </datafield>
  <datafield tag="653" ind1=" " ind2=" ">
    <subfield code="a">Council of Twelve.</subfield>
    <subfield code="a">Cato (Pseudonym)</subfield>
  </datafield>
  <datafield tag="655" ind1=" " ind2="7">
    <subfield code="a">Engravings</subfield>
    <subfield code="y">1880-1890.</subfield>
    <subfield code="2">gmgpc</subfield>
  </datafield>
  <datafield tag="655" ind1=" " ind2="7">
    <subfield code="a">Political cartoons</subfield>
    <subfield code="y">1880-1890.</subfield>
    <subfield code="2">gmgpc</subfield>
  </datafield>
  <datafield tag="773" ind1="0" ind2=" ">
    <subfield code="t">American cartoon print filing series (Library of Congress)</subfield>
    <subfield code="w">(DLC)  2005680400</subfield>
  </datafield>
  <datafield tag="852" ind1=" " ind2=" ">
    <subfield code="a">Library of Congress</subfield>
    <subfield code="b">Prints and Photographs Division</subfield>
    <subfield code="e">Washington, D.C. 20540 USA</subfield>
    <subfield code="n">dcu</subfield>
    <subfield code="u">http://hdl.loc.gov/loc.pnp/pp.print</subfield>
  </datafield>
  <datafield tag="856" ind1="4" ind2="1">
    <subfield code="3">digital file from b&amp;w film copy neg.</subfield>
    <subfield code="d">cph</subfield>
    <subfield code="f">3b42510</subfield>
    <subfield code="q">p</subfield>
    <subfield code="u">http://hdl.loc.gov/loc.pnp/cph.3b42510</subfield>
  </datafield>
  <datafield tag="856" ind1="4" ind2="1">
    <subfield code="3">digital file from color film copy neg.</subfield>
    <subfield code="d">cph</subfield>
    <subfield code="f">3j00218</subfield>
    <subfield code="q">p</subfield>
    <subfield code="u">http://hdl.loc.gov/loc.pnp/cph.3j00218</subfield>
  </datafield>
  <datafield tag="856" ind1="4" ind2="1">
    <subfield code="3">digital file from color film copy transparency</subfield>
    <subfield code="d">cph</subfield>
    <subfield code="f">3g01722</subfield>
    <subfield code="q">p</subfield>
    <subfield code="u">http://hdl.loc.gov/loc.pnp/cph.3g01722</subfield>
  </datafield>
  <datafield tag="856" ind1="4" ind2="1">
    <subfield code="3">digital file from original</subfield>
    <subfield code="d">ppmsca</subfield>
    <subfield code="f">17522</subfield>
    <subfield code="q">p</subfield>
    <subfield code="u">http://hdl.loc.gov/loc.pnp/ppmsca.17522</subfield>
  </datafield>
  <datafield tag="985" ind1=" " ind2=" ">
    <subfield code="a">pp/pcus</subfield>
  </datafield>
  <datafield tag="985" ind1=" " ind2=" ">
    <subfield code="a">pp/app</subfield>
  </datafield>
  <datafield tag="985" ind1=" " ind2=" ">
    <subfield code="a">pp/exh</subfield>
    <subfield code="e">4637, #068</subfield>
  </datafield>
  <datafield tag="985" ind1=" " ind2=" ">
    <subfield code="e">pp/minload</subfield>
  </datafield>
  <datafield tag="985" ind1=" " ind2=" ">
    <subfield code="a">pp/diof</subfield>
  </datafield>
  <datafield tag="991" ind1=" " ind2=" ">
    <subfield code="b">c-P&amp;P</subfield>
    <subfield code="h">PC/US - 1787.D664,</subfield>
    <subfield code="i">no. 1</subfield>
    <subfield code="m">(B size)</subfield>
    <subfield code="o">ppsd</subfield>
    <subfield code="v">obj.</subfield>
  </datafield>
</record>