
<record>
  <leader>02196cam a22003734a 4500</leader>
  <controlfield tag="001">15630003</controlfield>
  <controlfield tag="005">20200103133227.0</controlfield>
  <controlfield tag="008">090217s2010    mdua     b    001 0 eng  </controlfield>
  <datafield tag="906" ind1=" " ind2=" ">
    <subfield code="a">7</subfield>
    <subfield code="b">cbc</subfield>
    <subfield code="c">orignew</subfield>
    <subfield code="d">1</subfield>
    <subfield code="e">ecip</subfield>
    <subfield code="f">20</subfield>
    <subfield code="g">y-gencatlg</subfield>
  </datafield>
  <datafield tag="925" ind1="0" ind2=" ">
    <subfield code="a">acquire</subfield>
    <subfield code="b">1 shelf copy</subfield>
    <subfield code="x">policy default</subfield>
  </datafield>
  <datafield tag="955" ind1=" " ind2=" ">
    <subfield code="a">xh03 2009-02-25 to Law Section</subfield>
    <subfield code="d">xg12 2009-02-25 telework for subj rev xg17 ok</subfield>
    <subfield code="e">xg12 2009-02-26 to Dewey</subfield>
    <subfield code="a">rd01 2009-02-26</subfield>
    <subfield code="a">xe08 2010-03-08 1 copy rec&apos;d., to CIP ver.</subfield>
    <subfield code="f">xg11 2010-03-15 Z-CipVer to LL</subfield>
    <subfield code="t">xg20 2010-04-07 copy 2 added</subfield>
  </datafield>
  <datafield tag="010" ind1=" " ind2=" ">
    <subfield code="a">  2009007056</subfield>
  </datafield>
  <datafield tag="016" ind1="7" ind2=" ">
    <subfield code="a">101496567</subfield>
    <subfield code="2">DNLM</subfield>
  </datafield>
  <datafield tag="020" ind1=" " ind2=" ">
    <subfield code="a">9780801893889 (hardcover : alk. paper)</subfield>
  </datafield>
  <datafield tag="020" ind1=" " ind2=" ">
    <subfield code="a">0801893887 (hardcover : alk. paper)</subfield>
  </datafield>
  <datafield tag="035" ind1=" " ind2=" ">
    <subfield code="a">(OCoLC)ocn310076046</subfield>
  </datafield>
  <datafield tag="040" ind1=" " ind2=" ">
    <subfield code="a">DNLM/DLC</subfield>
    <subfield code="c">DLC</subfield>
    <subfield code="d">NLM</subfield>
    <subfield code="d">BTCTA</subfield>
    <subfield code="d">YDXCP</subfield>
    <subfield code="d">C#P</subfield>
    <subfield code="d">BWX</subfield>
    <subfield code="d">CDX</subfield>
    <subfield code="d">DLC</subfield>
  </datafield>
  <datafield tag="042" ind1=" " ind2=" ">
    <subfield code="a">pcc</subfield>
  </datafield>
  <datafield tag="043" ind1=" " ind2=" ">
    <subfield code="a">n-us---</subfield>
  </datafield>
  <datafield tag="050" ind1="0" ind2="0">
    <subfield code="a">K3611.A77</subfield>
    <subfield code="b">C76 2010</subfield>
  </datafield>
  <datafield tag="060" ind1="0" ind2="0">
    <subfield code="a">2010 A-925</subfield>
  </datafield>
  <datafield tag="060" ind1="1" ind2="0">
    <subfield code="a">WQ 33 AA1</subfield>
    <subfield code="b">C938L 2010</subfield>
  </datafield>
  <datafield tag="082" ind1="0" ind2="0">
    <subfield code="a">344.04/196</subfield>
    <subfield code="2">22</subfield>
  </datafield>
  <datafield tag="100" ind1="1" ind2=" ">
    <subfield code="a">Crockin, Susan L.</subfield>
  </datafield>
  <datafield tag="245" ind1="1" ind2="0">
    <subfield code="a">Legal conceptions :</subfield>
    <subfield code="b">the evolving law and policy of assisted reproductive technologies /</subfield>
    <subfield code="c">Susan L. Crockin and Howard W. Jones, Jr.</subfield>
  </datafield>
  <datafield tag="260" ind1=" " ind2=" ">
    <subfield code="a">Baltimore :</subfield>
    <subfield code="b">Johns Hopkins University Press,</subfield>
    <subfield code="c">2010.</subfield>
  </datafield>
  <datafield tag="300" ind1=" " ind2=" ">
    <subfield code="a">xii, 411 p. :</subfield>
    <subfield code="b">ill. ;</subfield>
    <subfield code="c">24 cm.</subfield>
  </datafield>
  <datafield tag="504" ind1=" " ind2=" ">
    <subfield code="a">Includes bibliographical references and index.</subfield>
  </datafield>
  <datafield tag="505" ind1="0" ind2=" ">
    <subfield code="a">Embryo litigation -- Access to ART treatment : insurance and discrimination -- General professional liability litigation -- Paternity and sperm donation -- Maternity and egg donation -- Traditional and gestational surrogacy arrangements -- Posthumous reproduction : access and parentage -- Same-sex parentage and ART -- Genetics (PGD) and ART -- ART-related embryonic stem cell legal developments -- ART-related adoption litigation -- ART-related fetal litigation and abortion-related litigation.</subfield>
  </datafield>
  <datafield tag="650" ind1=" " ind2="0">
    <subfield code="a">Human reproductive technology</subfield>
    <subfield code="x">Law and legislation.</subfield>
  </datafield>
  <datafield tag="650" ind1=" " ind2="0">
    <subfield code="a">Human reproductive technology</subfield>
    <subfield code="x">Law and legislation</subfield>
    <subfield code="z">United States.</subfield>
  </datafield>
  <datafield tag="650" ind1="1" ind2="2">
    <subfield code="a">Reproductive Techniques, Assisted</subfield>
    <subfield code="x">legislation &amp; jurisprudence</subfield>
    <subfield code="z">United States.</subfield>
  </datafield>
  <datafield tag="650" ind1="2" ind2="2">
    <subfield code="a">Embryo Research</subfield>
    <subfield code="x">legislation &amp; jurisprudence</subfield>
    <subfield code="z">United States.</subfield>
  </datafield>
  <datafield tag="700" ind1="1" ind2=" ">
    <subfield code="a">Jones, Howard W.,</subfield>
    <subfield code="c">Jr.</subfield>
    <subfield code="q">(Howard Wilbur),</subfield>
    <subfield code="d">1910-2015.</subfield>
  </datafield>
</record>