
<record>
  <leader>02385cam a22003614a 4500</leader>
  <controlfield tag="001">15656641</controlfield>
  <controlfield tag="005">20200103110251.0</controlfield>
  <controlfield tag="008">090312s2010    enka     b    001 0 eng  </controlfield>
  <datafield tag="906" ind1=" " ind2=" ">
    <subfield code="a">7</subfield>
    <subfield code="b">cbc</subfield>
    <subfield code="c">orignew</subfield>
    <subfield code="d">1</subfield>
    <subfield code="e">ecip</subfield>
    <subfield code="f">20</subfield>
    <subfield code="g">y-gencatlg</subfield>
  </datafield>
  <datafield tag="925" ind1="0" ind2=" ">
    <subfield code="a">acquire</subfield>
    <subfield code="b">1 shelf copy</subfield>
    <subfield code="x">policy default</subfield>
  </datafield>
  <datafield tag="955" ind1=" " ind2=" ">
    <subfield code="a">xg05 2009-03-12</subfield>
    <subfield code="i">xg05 2009-03-12</subfield>
    <subfield code="e">xg05 2009-03-12 to Dewey</subfield>
    <subfield code="a">rd01 2009-03-12</subfield>
    <subfield code="a">xe05 2009-11-02 1 copy rec&apos;d., to CIP ver.</subfield>
    <subfield code="f">xg16 2009-11-10 Z-CipVer</subfield>
    <subfield code="g">xg16 2009-11-10 to LL</subfield>
    <subfield code="t">xg20 2010-02-01 copy 2 added</subfield>
  </datafield>
  <datafield tag="010" ind1=" " ind2=" ">
    <subfield code="a">  2009010624</subfield>
  </datafield>
  <datafield tag="015" ind1=" " ind2=" ">
    <subfield code="a">GBA925055</subfield>
    <subfield code="2">bnb</subfield>
  </datafield>
  <datafield tag="016" ind1="7" ind2=" ">
    <subfield code="a">014926266</subfield>
    <subfield code="2">Uk</subfield>
  </datafield>
  <datafield tag="020" ind1=" " ind2=" ">
    <subfield code="a">9780415499552 (hbk)</subfield>
  </datafield>
  <datafield tag="020" ind1=" " ind2=" ">
    <subfield code="a">0415499550 (hbk)</subfield>
  </datafield>
  <datafield tag="020" ind1=" " ind2=" ">
    <subfield code="a">9780203870594 (ebk)</subfield>
  </datafield>
  <datafield tag="020" ind1=" " ind2=" ">
    <subfield code="a">020387059X (ebk)</subfield>
  </datafield>
  <datafield tag="035" ind1=" " ind2=" ">
    <subfield code="a">(OCoLC)ocn311036683</subfield>
  </datafield>
  <datafield tag="040" ind1=" " ind2=" ">
    <subfield code="a">DLC</subfield>
    <subfield code="c">DLC</subfield>
    <subfield code="d">UKM</subfield>
    <subfield code="d">YDXCP</subfield>
    <subfield code="d">BTCTA</subfield>
    <subfield code="d">BWKUK</subfield>
    <subfield code="d">BWK</subfield>
    <subfield code="d">DLC</subfield>
  </datafield>
  <datafield tag="050" ind1="0" ind2="0">
    <subfield code="a">K3171</subfield>
    <subfield code="b">.G58 2010</subfield>
  </datafield>
  <datafield tag="082" ind1="0" ind2="0">
    <subfield code="a">340/.11</subfield>
    <subfield code="2">22</subfield>
  </datafield>
  <datafield tag="245" ind1="0" ind2="0">
    <subfield code="a">Global perspectives on the rule of law /</subfield>
    <subfield code="c">edited by James J. Heckman, Robert L. Nelson, and Lee Cabatingan.</subfield>
  </datafield>
  <datafield tag="260" ind1=" " ind2=" ">
    <subfield code="a">London ;</subfield>
    <subfield code="a">New York :</subfield>
    <subfield code="b">Routledge,</subfield>
    <subfield code="c">2010.</subfield>
  </datafield>
  <datafield tag="300" ind1=" " ind2=" ">
    <subfield code="a">xvi, 342 p. :</subfield>
    <subfield code="b">ill. ;</subfield>
    <subfield code="c">25 cm.</subfield>
  </datafield>
  <datafield tag="490" ind1="0" ind2=" ">
    <subfield code="a">Law, development and globalization</subfield>
  </datafield>
  <datafield tag="500" ind1=" " ind2=" ">
    <subfield code="a">&quot;A GlassHouse book&quot;--T.p. verso.</subfield>
  </datafield>
  <datafield tag="504" ind1=" " ind2=" ">
    <subfield code="a">Includes bibliographical references (p. [303]-324) and index.</subfield>
  </datafield>
  <datafield tag="505" ind1="0" ind2="0">
    <subfield code="a">Rule-of-law temptations / Thomas Carothers -- Why developing countries prove so resistant to the rule-of-law / Barry R. Weingast -- Global justice / Amartya Sen -- The rule of law in Islamic thought and practice : a historical perspective / Timur Kuran -- The viability of the welfare state / James J. Heckman -- Comparing legal and alternative institutions in finance and commerce / Franklin Allen and Jun Q.J. Qian -- Law, finance, and the first corporations / Ron Harris -- The politics of courts in democratization / Thomas Ginsburg -- Principled principals in the founding moments of the rule-of-law / Margaret Levi and Brad Epperly -- The fight for basic legal freedoms : mobilization by the legal complex / Terence C. Halliday -- Social norms, rule of law, and gender reality : an essay on the limits of the dominant rule-of-law paradigm / Katharina Pistor, Antara Haldar, and Amrit Amirapu -- Constitutionalism and the challenge of ethnic diversity / Yash Ghai.</subfield>
  </datafield>
  <datafield tag="650" ind1=" " ind2="0">
    <subfield code="a">Rule of law.</subfield>
  </datafield>
  <datafield tag="700" ind1="1" ind2=" ">
    <subfield code="a">Heckman, James J.</subfield>
    <subfield code="q">(James Joseph)</subfield>
  </datafield>
  <datafield tag="700" ind1="1" ind2=" ">
    <subfield code="a">Nelson, Robert L.,</subfield>
    <subfield code="d">1952-</subfield>
  </datafield>
  <datafield tag="700" ind1="1" ind2=" ">
    <subfield code="a">Cabatingan, Lee.</subfield>
  </datafield>
</record>