
<record>
  <leader>02765cjm a2200553 a 4500</leader>
  <controlfield tag="001">15804446</controlfield>
  <controlfield tag="005">20200103130559.0</controlfield>
  <controlfield tag="007">sd bsmennmplue</controlfield>
  <controlfield tag="008">090706s198u    au mun|  ei       | zxx  </controlfield>
  <datafield tag="906" ind1=" " ind2=" ">
    <subfield code="a">7</subfield>
    <subfield code="b">cbc</subfield>
    <subfield code="c">orignew</subfield>
    <subfield code="d">3</subfield>
    <subfield code="e">ncip</subfield>
    <subfield code="f">20</subfield>
    <subfield code="g">y-soundrec</subfield>
  </datafield>
  <datafield tag="925" ind1="0" ind2=" ">
    <subfield code="a">acquire</subfield>
    <subfield code="b">2 shelf copies</subfield>
    <subfield code="x">policy default</subfield>
  </datafield>
  <datafield tag="955" ind1=" " ind2=" ">
    <subfield code="a">qr27 2009-07-06</subfield>
    <subfield code="a">qr01 2010-05-20 (rev.)</subfield>
  </datafield>
  <datafield tag="010" ind1=" " ind2=" ">
    <subfield code="a">  2009601531</subfield>
  </datafield>
  <datafield tag="028" ind1="0" ind2="2">
    <subfield code="a">SPR 147</subfield>
    <subfield code="b">Preiser Records</subfield>
  </datafield>
  <datafield tag="040" ind1=" " ind2=" ">
    <subfield code="a">DLC</subfield>
    <subfield code="c">DLC</subfield>
  </datafield>
  <datafield tag="041" ind1="0" ind2=" ">
    <subfield code="g">ger</subfield>
  </datafield>
  <datafield tag="043" ind1=" " ind2=" ">
    <subfield code="a">e-au---</subfield>
  </datafield>
  <datafield tag="050" ind1="0" ind2="0">
    <subfield code="a">Preiser Records SPR 147</subfield>
  </datafield>
  <datafield tag="100" ind1="1" ind2=" ">
    <subfield code="a">Sulzer, Balduin,</subfield>
    <subfield code="d">1932-</subfield>
  </datafield>
  <datafield tag="245" ind1="1" ind2="0">
    <subfield code="a">Pastorella</subfield>
    <subfield code="h">[sound recording] :</subfield>
    <subfield code="b">für Klarinette und Streichquartett ; Sonate für Flöte und Cembalo /</subfield>
    <subfield code="c">Balduin Sulzer. Kassation I für Flöte, Viola, und Gitarre / Heinrich Gattermeyer. Divertimento für 10 Instrumente / Erich Eder de Lastra. Étude akrobatique : für Orchester / Balduin Sulzer.</subfield>
  </datafield>
  <datafield tag="260" ind1=" " ind2=" ">
    <subfield code="a">[Austria] :</subfield>
    <subfield code="b">Preiser Records,</subfield>
    <subfield code="c">[198-?]</subfield>
  </datafield>
  <datafield tag="300" ind1=" " ind2=" ">
    <subfield code="a">1 sound disc :</subfield>
    <subfield code="b">analog, 33 1/3 rpm, stereo. ;</subfield>
    <subfield code="c">12 in.</subfield>
  </datafield>
  <datafield tag="306" ind1=" " ind2=" ">
    <subfield code="a">000750</subfield>
    <subfield code="a">001828</subfield>
    <subfield code="a">001115</subfield>
    <subfield code="a">000935</subfield>
    <subfield code="a">000640</subfield>
  </datafield>
  <datafield tag="490" ind1="0" ind2=" ">
    <subfield code="a">Zeitgenössische österreichische Musik ;</subfield>
    <subfield code="v">30</subfield>
  </datafield>
  <datafield tag="500" ind1=" " ind2=" ">
    <subfield code="a">Title from container.</subfield>
  </datafield>
  <datafield tag="500" ind1=" " ind2=" ">
    <subfield code="a">&quot;Oberösterreich&quot;--Container.</subfield>
  </datafield>
  <datafield tag="511" ind1="0" ind2=" ">
    <subfield code="a">Ottokar Drapal, clarinet, das Streichquartett der ORF-Kammermusikvereinigung (1st work) ; Wolfgang Rath, flute, Günther Bauer, harpsichord (2nd work) ; Louise Walker, guitar, Herbert Reznicek, flute, Karl Stierhof, viola (3rd work) ; die Wiener Kammermusiker (4th work); das Orchester des Linzer Musikgymnasiums, Franz Möst, conductor (5th work).</subfield>
  </datafield>
  <datafield tag="500" ind1=" " ind2=" ">
    <subfield code="a">Durations: 7:50; 18:28; 11:15; 9:35; 6:40.</subfield>
  </datafield>
  <datafield tag="500" ind1=" " ind2=" ">
    <subfield code="a">Program notes in German on container.</subfield>
  </datafield>
  <datafield tag="500" ind1=" " ind2=" ">
    <subfield code="a">LC copy lacks commercial label.</subfield>
    <subfield code="5">DLC</subfield>
  </datafield>
  <datafield tag="650" ind1=" " ind2="0">
    <subfield code="a">Clarinet with string ensemble.</subfield>
  </datafield>
  <datafield tag="650" ind1=" " ind2="0">
    <subfield code="a">Sonatas (Flute and harpsichord)</subfield>
  </datafield>
  <datafield tag="650" ind1=" " ind2="0">
    <subfield code="a">Suites (Flute, guitar, viola)</subfield>
  </datafield>
  <datafield tag="650" ind1=" " ind2="0">
    <subfield code="a">Suites (Instrumental ensemble)</subfield>
  </datafield>
  <datafield tag="650" ind1=" " ind2="0">
    <subfield code="a">Orchestral music.</subfield>
  </datafield>
  <datafield tag="700" ind1="1" ind2=" ">
    <subfield code="a">Drapal, Ottokar.</subfield>
    <subfield code="4">prf</subfield>
  </datafield>
  <datafield tag="700" ind1="1" ind2=" ">
    <subfield code="a">Rath, Wolfgang,</subfield>
    <subfield code="d">1953-</subfield>
    <subfield code="4">prf</subfield>
  </datafield>
  <datafield tag="700" ind1="1" ind2=" ">
    <subfield code="a">Bauer, Günther,</subfield>
    <subfield code="d">1928-</subfield>
    <subfield code="4">prf</subfield>
  </datafield>
  <datafield tag="700" ind1="1" ind2=" ">
    <subfield code="a">Walker, Luise,</subfield>
    <subfield code="d">1910-1998.</subfield>
    <subfield code="4">prf</subfield>
  </datafield>
  <datafield tag="700" ind1="1" ind2=" ">
    <subfield code="a">Reznicek, Herbert.</subfield>
    <subfield code="4">prf</subfield>
  </datafield>
  <datafield tag="700" ind1="1" ind2=" ">
    <subfield code="a">Stierhof, Karl.</subfield>
    <subfield code="4">prf</subfield>
  </datafield>
  <datafield tag="700" ind1="1" ind2=" ">
    <subfield code="a">Welser-Möst, Franz.</subfield>
    <subfield code="4">cnd</subfield>
  </datafield>
  <datafield tag="700" ind1="1" ind2="2">
    <subfield code="a">Sulzer, Balduin,</subfield>
    <subfield code="d">1932-</subfield>
    <subfield code="t">Sonatas,</subfield>
    <subfield code="m">flute, harpsichord.</subfield>
  </datafield>
  <datafield tag="700" ind1="1" ind2="2">
    <subfield code="a">Gattermeyer, Heinrich.</subfield>
    <subfield code="t">Cassations,</subfield>
    <subfield code="n">no. 1, op. 109, no. 1.</subfield>
  </datafield>
  <datafield tag="700" ind1="1" ind2="2">
    <subfield code="a">Eder de Lastra, Erich,</subfield>
    <subfield code="d">1933-</subfield>
    <subfield code="t">Divertimenti,</subfield>
    <subfield code="m">flute, oboe, clarinet, bassoon, horn, violins (2), viola, cello, double bass.</subfield>
  </datafield>
  <datafield tag="700" ind1="1" ind2="2">
    <subfield code="a">Sulzer, Balduin,</subfield>
    <subfield code="d">1932-</subfield>
    <subfield code="t">Étude akrobatique.</subfield>
  </datafield>
  <datafield tag="710" ind1="2" ind2=" ">
    <subfield code="a">Kammermusikvereinigung des ORF.</subfield>
    <subfield code="b">Streichquartett.</subfield>
    <subfield code="4">prf</subfield>
  </datafield>
  <datafield tag="710" ind1="2" ind2=" ">
    <subfield code="a">Wiener Kammermusiker.</subfield>
    <subfield code="4">prf</subfield>
  </datafield>
  <datafield tag="710" ind1="2" ind2=" ">
    <subfield code="a">Musikgymnasium Linz.</subfield>
    <subfield code="b">Orchester.</subfield>
    <subfield code="4">prf</subfield>
  </datafield>
</record>