
<record>
  <leader>01792cas a2200337 a 4500</leader>
  <controlfield tag="001">15818157</controlfield>
  <controlfield tag="005">20200103121405.0</controlfield>
  <controlfield tag="008">090608c200u9999uv ar         |    0eng  </controlfield>
  <datafield tag="906" ind1=" " ind2=" ">
    <subfield code="a">7</subfield>
    <subfield code="b">cbc</subfield>
    <subfield code="c">serorig</subfield>
    <subfield code="d">2</subfield>
    <subfield code="e">ncip</subfield>
    <subfield code="f">20</subfield>
    <subfield code="g">n-oclcserc</subfield>
  </datafield>
  <datafield tag="925" ind1="0" ind2=" ">
    <subfield code="a">Acquire</subfield>
    <subfield code="b">1 shelf copy</subfield>
    <subfield code="x">MLH 2009-07-15</subfield>
  </datafield>
  <datafield tag="955" ind1=" " ind2=" ">
    <subfield code="b">ALAWE/A: bc01 2009-07-15 to Ser/Cat</subfield>
    <subfield code="i">bc10 2010-04-05</subfield>
    <subfield code="a">Barcode 00180092882 returned from bindery 2010-06-03</subfield>
    <subfield code="a">Barcode 00180092870 returned from bindery 2010-06-03</subfield>
    <subfield code="g">bc06 2015-03-27 to BCCD</subfield>
    <subfield code="g">bc06 2019-12-16 (telework) to BCCD</subfield>
    <subfield code="g">bc06 2019-12-20 (telework) to BCCD</subfield>
    <subfield code="g">bc06 2019-12-27 (telework/credit) to BCCD</subfield>
    <subfield code="g">bc06 2019-12-30 (telework/credit) to BCCD</subfield>
    <subfield code="g">bc06 2020-01-03 (telework) to BCCD</subfield>
  </datafield>
  <datafield tag="010" ind1=" " ind2=" ">
    <subfield code="a">  2010213159</subfield>
  </datafield>
  <datafield tag="012" ind1=" " ind2=" ">
    <subfield code="a">-3-7-1303158440-p-----</subfield>
  </datafield>
  <datafield tag="035" ind1=" " ind2=" ">
    <subfield code="a">(OCoLC)ocn374139202</subfield>
  </datafield>
  <datafield tag="040" ind1=" " ind2=" ">
    <subfield code="a">NN</subfield>
    <subfield code="b">eng</subfield>
    <subfield code="c">NN</subfield>
    <subfield code="d">CSt</subfield>
    <subfield code="d">DLC</subfield>
    <subfield code="d">OCoLC</subfield>
  </datafield>
  <datafield tag="042" ind1=" " ind2=" ">
    <subfield code="a">pcc</subfield>
  </datafield>
  <datafield tag="043" ind1=" " ind2=" ">
    <subfield code="a">f-uv---</subfield>
  </datafield>
  <datafield tag="050" ind1="0" ind2="0">
    <subfield code="a">LA1821.B85</subfield>
    <subfield code="b">A58</subfield>
  </datafield>
  <datafield tag="130" ind1="0" ind2=" ">
    <subfield code="a">Annuaire statistique de l&apos;enseignement supérieur (Ouagadougou, Burkina Faso)</subfield>
  </datafield>
  <datafield tag="245" ind1="1" ind2="0">
    <subfield code="a">Annuaire statistique de l&apos;enseignement supérieur.</subfield>
  </datafield>
  <datafield tag="260" ind1=" " ind2=" ">
    <subfield code="a">Ouagadougou [Burkina Faso] :</subfield>
    <subfield code="b">Direction des études et de la planification</subfield>
  </datafield>
  <datafield tag="300" ind1=" " ind2=" ">
    <subfield code="a">v. ;</subfield>
    <subfield code="c">28 cm.</subfield>
  </datafield>
  <datafield tag="310" ind1=" " ind2=" ">
    <subfield code="a">Annual</subfield>
  </datafield>
  <datafield tag="588" ind1=" " ind2=" ">
    <subfield code="a">Description based on: 2006/2007; title from title page.</subfield>
  </datafield>
  <datafield tag="588" ind1=" " ind2=" ">
    <subfield code="a">Latest issue consulted: 2007/2008.</subfield>
  </datafield>
  <datafield tag="650" ind1=" " ind2="0">
    <subfield code="a">Education, Higher</subfield>
    <subfield code="z">Burkina Faso</subfield>
    <subfield code="v">Statistics</subfield>
    <subfield code="v">Periodicals.</subfield>
  </datafield>
  <datafield tag="650" ind1=" " ind2="0">
    <subfield code="a">Universities and colleges</subfield>
    <subfield code="z">Burkina Faso</subfield>
    <subfield code="v">Statistics</subfield>
    <subfield code="v">Periodicals.</subfield>
  </datafield>
  <datafield tag="710" ind1="1" ind2=" ">
    <subfield code="a">Burkina Faso.</subfield>
    <subfield code="b">Ministère des enseignements secondaire, supérieur et de la recherche scientifique.</subfield>
    <subfield code="b">Direction des études et de la planification.</subfield>
  </datafield>
  <datafield tag="780" ind1="0" ind2="1">
    <subfield code="t">Annuaire statistique scolaire et universitaire</subfield>
    <subfield code="w">(DLC)  2009213238</subfield>
    <subfield code="w">(OCoLC)272549424</subfield>
  </datafield>
  <datafield tag="850" ind1=" " ind2=" ">
    <subfield code="a">DLC</subfield>
  </datafield>
  <datafield tag="923" ind1=" " ind2=" ">
    <subfield code="a">purchase</subfield>
    <subfield code="s">Hogarth Representation; 93001367</subfield>
  </datafield>
</record>