
<record>
  <leader>02109ccm a2200313 a 4500</leader>
  <controlfield tag="001">15861512</controlfield>
  <controlfield tag="005">20200103142831.0</controlfield>
  <controlfield tag="008">090810s2006    moufmz|  f     n  | zxx d</controlfield>
  <datafield tag="906" ind1=" " ind2=" ">
    <subfield code="a">7</subfield>
    <subfield code="b">cbc</subfield>
    <subfield code="c">copycat</subfield>
    <subfield code="d">2</subfield>
    <subfield code="e">ncip</subfield>
    <subfield code="f">20</subfield>
    <subfield code="g">y-genmusic</subfield>
  </datafield>
  <datafield tag="925" ind1="0" ind2=" ">
    <subfield code="a">acquire</subfield>
    <subfield code="b">1 shelf copy</subfield>
    <subfield code="x">policy default</subfield>
  </datafield>
  <datafield tag="955" ind1=" " ind2=" ">
    <subfield code="a">vl00 2009-08-10</subfield>
    <subfield code="a">vk67 2009-08-10 z-client</subfield>
    <subfield code="i">vk67 2009-08-10/vk07 2009-08-26</subfield>
    <subfield code="e">vk67 2009-08-10 sound discs, c1-2, to MBRS, c. 1 for shelf label</subfield>
    <subfield code="e">vl34 2009-08-28 to Music Division</subfield>
    <subfield code="t">vl34 2009-08-28 c. 2 to Music Division</subfield>
    <subfield code="a">Barcode 00259835136 returned from bindery 2009-10-07</subfield>
    <subfield code="a">Barcode 00259835148 returned from bindery 2009-10-07</subfield>
  </datafield>
  <datafield tag="010" ind1=" " ind2=" ">
    <subfield code="a">  2009537183</subfield>
  </datafield>
  <datafield tag="020" ind1=" " ind2=" ">
    <subfield code="a">0786649321</subfield>
  </datafield>
  <datafield tag="020" ind1=" " ind2=" ">
    <subfield code="a">9780786649327</subfield>
  </datafield>
  <datafield tag="028" ind1="0" ind2="2">
    <subfield code="a">MB966689BCD</subfield>
    <subfield code="b">M. Bay Publications</subfield>
  </datafield>
  <datafield tag="035" ind1=" " ind2=" ">
    <subfield code="a">(OCoLC)ocn163583489</subfield>
  </datafield>
  <datafield tag="035" ind1=" " ind2=" ">
    <subfield code="a">(OCoLC)163583489</subfield>
    <subfield code="z">(OCoLC)148604865</subfield>
  </datafield>
  <datafield tag="040" ind1=" " ind2=" ">
    <subfield code="a">IF9</subfield>
    <subfield code="c">IF9</subfield>
    <subfield code="d">BTCTA</subfield>
    <subfield code="d">BAKER</subfield>
    <subfield code="d">DLC</subfield>
  </datafield>
  <datafield tag="042" ind1=" " ind2=" ">
    <subfield code="a">lccopycat</subfield>
  </datafield>
  <datafield tag="050" ind1="0" ind2="0">
    <subfield code="a">M40</subfield>
    <subfield code="b">.S77 2006</subfield>
  </datafield>
  <datafield tag="245" ind1="0" ind2="0">
    <subfield code="a">String band classics.</subfield>
    <subfield code="p">Fiddle /</subfield>
    <subfield code="c">transcribed by Bill Guest.</subfield>
  </datafield>
  <datafield tag="246" ind1="1" ind2=" ">
    <subfield code="i">Title appears on item as:</subfield>
    <subfield code="a">Mel Bay presents string band classics.</subfield>
    <subfield code="p">Fiddle</subfield>
  </datafield>
  <datafield tag="260" ind1=" " ind2=" ">
    <subfield code="a">Pacific, Mo. :</subfield>
    <subfield code="b">M. Bay Publications,</subfield>
    <subfield code="c">c2006.</subfield>
  </datafield>
  <datafield tag="300" ind1=" " ind2=" ">
    <subfield code="a">56 p. of music :</subfield>
    <subfield code="b">ill. ;</subfield>
    <subfield code="c">30 cm. +</subfield>
    <subfield code="e">1 sound disc (digital ; 4 3/4 in.)</subfield>
  </datafield>
  <datafield tag="505" ind1="0" ind2="0">
    <subfield code="t">Dance all night</subfield>
    <subfield code="g">(3:16) --</subfield>
    <subfield code="t">You ain&apos;t talking to me</subfield>
    <subfield code="g">(3:34) --</subfield>
    <subfield code="t">Money musk</subfield>
    <subfield code="g">(2:48) --</subfield>
    <subfield code="t">There&apos;s more pretty girls</subfield>
    <subfield code="g">(3:02) --</subfield>
    <subfield code="t">Fire on the mountain</subfield>
    <subfield code="g">(2:18) --</subfield>
    <subfield code="t">Gypsy girl</subfield>
    <subfield code="g">(2:40) --</subfield>
    <subfield code="t">Pig ankle rag</subfield>
    <subfield code="g">(3:24) --</subfield>
    <subfield code="t">Wild Bill Jones</subfield>
    <subfield code="g">(3:45) --</subfield>
    <subfield code="t">Sleeping Lulu</subfield>
    <subfield code="g">(3:21) --</subfield>
    <subfield code="t">Meeting in the air</subfield>
    <subfield code="g">(3:42) --</subfield>
    <subfield code="t">Hawks and eagles</subfield>
    <subfield code="g">(2:48) --</subfield>
    <subfield code="t">Who broke the lock</subfield>
    <subfield code="g">(2:52) --</subfield>
    <subfield code="t">Way out there</subfield>
    <subfield code="g">(4:15) --</subfield>
    <subfield code="t">Carroll county blues</subfield>
    <subfield code="g">(2:30) --</subfield>
    <subfield code="t">Old Jimmy Sutton</subfield>
    <subfield code="g">(2:23) --</subfield>
    <subfield code="t">Devilish Mary</subfield>
    <subfield code="g">(2:59) --</subfield>
    <subfield code="t">Way down the old plank road</subfield>
    <subfield code="g">(3:15) --</subfield>
    <subfield code="t">Tater patch</subfield>
    <subfield code="g">(2:36) --</subfield>
    <subfield code="t">My dixie darling</subfield>
    <subfield code="g">(2:47) --</subfield>
    <subfield code="t">Free little bird</subfield>
    <subfield code="g">(3:11) --</subfield>
    <subfield code="t">Been all around this world</subfield>
    <subfield code="g">(3:25) --</subfield>
    <subfield code="t">Goodbye, Miss Liza</subfield>
    <subfield code="g">(3:00) --</subfield>
    <subfield code="t">Lee highway blues</subfield>
    <subfield code="g">(3:41).</subfield>
  </datafield>
  <datafield tag="650" ind1=" " ind2="0">
    <subfield code="a">Fiddle tunes.</subfield>
  </datafield>
  <datafield tag="650" ind1=" " ind2="0">
    <subfield code="a">Folk dance music</subfield>
    <subfield code="z">Appalachian Region, Southern.</subfield>
  </datafield>
  <datafield tag="650" ind1=" " ind2="0">
    <subfield code="a">Country music</subfield>
    <subfield code="z">Appalachian Region, Southern.</subfield>
  </datafield>
  <datafield tag="700" ind1="1" ind2=" ">
    <subfield code="a">Guest, Bill,</subfield>
    <subfield code="d">1940-</subfield>
  </datafield>
</record>