
<record>
  <leader>02403cam a22002774a 4500</leader>
  <controlfield tag="001">15918851</controlfield>
  <controlfield tag="005">20200103105942.0</controlfield>
  <controlfield tag="008">090923s2009    nyu           001 0 eng  </controlfield>
  <datafield tag="906" ind1=" " ind2=" ">
    <subfield code="a">7</subfield>
    <subfield code="b">cbc</subfield>
    <subfield code="c">orignew</subfield>
    <subfield code="d">1</subfield>
    <subfield code="e">ecip</subfield>
    <subfield code="f">20</subfield>
    <subfield code="g">y-gencatlg</subfield>
  </datafield>
  <datafield tag="925" ind1="0" ind2=" ">
    <subfield code="a">acquire</subfield>
    <subfield code="b">1 shelf copy</subfield>
    <subfield code="x">policy default</subfield>
  </datafield>
  <datafield tag="955" ind1=" " ind2=" ">
    <subfield code="b">xg04 2009-09-23 telework</subfield>
    <subfield code="c">xg04 2009-09-23 telework to sg08</subfield>
    <subfield code="a">xg08 2009-09-24 (to CIP for full text, KD? K? HV?)</subfield>
    <subfield code="i">xg16 2010-01-21</subfield>
    <subfield code="e">xg16 2010-01-21 to BCCD</subfield>
    <subfield code="t">xg20 2010-03-04 copy 2 added</subfield>
    <subfield code="a">Barcode 00267877701 returned from bindery 2010-03-04</subfield>
    <subfield code="a">Barcode 00267877701 returned from bindery 2010-03-04</subfield>
  </datafield>
  <datafield tag="010" ind1=" " ind2=" ">
    <subfield code="a">  2009039599</subfield>
  </datafield>
  <datafield tag="020" ind1=" " ind2=" ">
    <subfield code="a">9780199214419 (pbk. : alk. paper)</subfield>
  </datafield>
  <datafield tag="040" ind1=" " ind2=" ">
    <subfield code="a">DLC</subfield>
    <subfield code="c">DLC</subfield>
  </datafield>
  <datafield tag="050" ind1="0" ind2="0">
    <subfield code="a">K5001</subfield>
    <subfield code="b">.H88 2009</subfield>
  </datafield>
  <datafield tag="082" ind1="0" ind2="4">
    <subfield code="a">345.05</subfield>
    <subfield code="2">22</subfield>
  </datafield>
  <datafield tag="245" ind1="0" ind2="0">
    <subfield code="a">Human rights in the investigation and prosecution of crime /</subfield>
    <subfield code="c">edited by Madeleine Colvin and Jonathan Cooper.</subfield>
  </datafield>
  <datafield tag="260" ind1=" " ind2=" ">
    <subfield code="a">Oxford ;</subfield>
    <subfield code="a">New York :</subfield>
    <subfield code="b">Oxford University Press,</subfield>
    <subfield code="c">c2009.</subfield>
  </datafield>
  <datafield tag="300" ind1=" " ind2=" ">
    <subfield code="a">lxxi, 575 p. ;</subfield>
    <subfield code="c">25 cm.</subfield>
  </datafield>
  <datafield tag="500" ind1=" " ind2=" ">
    <subfield code="a">Includes index.</subfield>
  </datafield>
  <datafield tag="505" ind1="0" ind2="0">
    <subfield code="a">Introduction / Madeleine Colvin and Jonathan Copper -- An introduction to covert policing / Andrea Hopkins -- Property interference : Police Act 1997, Pt. III / Andrea Hopkins -- The interception of communications : the Regulation of Investigatory Powers Act 2000, Pt. I / Andrea Hopkins -- Surveillance and covert human intelligence sources : the Regulation of Investigatory Powers Act 2000, Pt. II / Andrea Hopkins -- Powers to stop, search, enter, and seize / Lucy Corrin and Alex Gask -- Arrest and detention / Ruth Brander and Alison Pickup -- Collection and retention of personal data / Azeem Suterwalla -- Bail / Ben Newton -- Disclosure / David Rhodes  -- Fair trial / David Bentley and Richard Thomas -- The media / Anthony Hudson -- Evidence / Steven Powles -- Self-incrimination, the right to silence, and the reserve burden of proof / Paul Bogan -- Extradition / John RWD Jones -- Mental health and capacity / Aswini Weereratne -- Obligation to prevent crime and to protect and provide redress to victims of crime / Alison Gerry -- Victims of crime and the criminal justice system / Alison Gerry -- Sentence / Shereener Browne and Gemma Hobcraft -- The application of the ECHR to appeals / Hugh Southey.</subfield>
  </datafield>
  <datafield tag="650" ind1=" " ind2="0">
    <subfield code="a">Criminal investigation.</subfield>
  </datafield>
  <datafield tag="650" ind1=" " ind2="0">
    <subfield code="a">Human rights.</subfield>
  </datafield>
  <datafield tag="650" ind1=" " ind2="0">
    <subfield code="a">Criminal justice, Administration of.</subfield>
  </datafield>
  <datafield tag="700" ind1="1" ind2=" ">
    <subfield code="a">Colvin, Madeleine.</subfield>
  </datafield>
  <datafield tag="700" ind1="1" ind2=" ">
    <subfield code="a">Cooper, Jonathan.</subfield>
  </datafield>
</record>