
<record>
  <leader>01824ccm a2200313 a 4500</leader>
  <controlfield tag="001">15945958</controlfield>
  <controlfield tag="005">20200103161643.0</controlfield>
  <controlfield tag="008">091015s2007    xx    |        n  | eng d</controlfield>
  <datafield tag="906" ind1=" " ind2=" ">
    <subfield code="a">7</subfield>
    <subfield code="b">cbc</subfield>
    <subfield code="c">copycat</subfield>
    <subfield code="d">2</subfield>
    <subfield code="e">ncip</subfield>
    <subfield code="f">20</subfield>
    <subfield code="g">y-genmusic</subfield>
  </datafield>
  <datafield tag="925" ind1="0" ind2=" ">
    <subfield code="a">acquire</subfield>
    <subfield code="b">1 shelf copy</subfield>
    <subfield code="x">policy default</subfield>
  </datafield>
  <datafield tag="955" ind1=" " ind2=" ">
    <subfield code="a">vl00 2009-10-15</subfield>
    <subfield code="a">vk67 2009-10-15 z-client</subfield>
    <subfield code="i">vk67 2009-10-15</subfield>
    <subfield code="e">vk67 2009-10-15 sound discs, c1-2, to MBRS for shelf labels</subfield>
    <subfield code="e">vl34 2010-01-11 to Music Division</subfield>
    <subfield code="t">vl34 2010-01-11 c. 2 to Music Division</subfield>
    <subfield code="a">Barcode 00249955243 returned from bindery 2010-03-19</subfield>
    <subfield code="a">Barcode 00249955231 returned from bindery 2010-03-19</subfield>
  </datafield>
  <datafield tag="010" ind1=" " ind2=" ">
    <subfield code="a">  2009543263</subfield>
  </datafield>
  <datafield tag="020" ind1=" " ind2=" ">
    <subfield code="a">9780786675241</subfield>
  </datafield>
  <datafield tag="020" ind1=" " ind2=" ">
    <subfield code="a">0786675241</subfield>
  </datafield>
  <datafield tag="024" ind1="1" ind2=" ">
    <subfield code="a">796279102056</subfield>
  </datafield>
  <datafield tag="028" ind1="2" ind2="0">
    <subfield code="a">MB21363BCD</subfield>
    <subfield code="b">Mel Bay</subfield>
  </datafield>
  <datafield tag="035" ind1=" " ind2=" ">
    <subfield code="a">(OCoLC)ocn144217406</subfield>
  </datafield>
  <datafield tag="040" ind1=" " ind2=" ">
    <subfield code="a">BTCTA</subfield>
    <subfield code="c">BTCTA</subfield>
    <subfield code="d">ILC</subfield>
    <subfield code="d">BAKER</subfield>
    <subfield code="d">JED</subfield>
    <subfield code="d">DLC</subfield>
  </datafield>
  <datafield tag="042" ind1=" " ind2=" ">
    <subfield code="a">lccopycat</subfield>
  </datafield>
  <datafield tag="050" ind1="0" ind2="0">
    <subfield code="a">M125</subfield>
    <subfield code="b">.B464 2006</subfield>
  </datafield>
  <datafield tag="245" ind1="0" ind2="0">
    <subfield code="a">Best contemporary solos /</subfield>
    <subfield code="c">compiled by William Gangel ; edited by Steve Siktberg.</subfield>
  </datafield>
  <datafield tag="260" ind1=" " ind2=" ">
    <subfield code="a">Pacific, MO :</subfield>
    <subfield code="b">Mel Bay Publications,</subfield>
    <subfield code="c">c2006.</subfield>
  </datafield>
  <datafield tag="300" ind1=" " ind2=" ">
    <subfield code="a">1 score (119 p.) ;</subfield>
    <subfield code="c">28 cm. +</subfield>
    <subfield code="e">1 sound disc (digital ; 4 3/4 in.)</subfield>
  </datafield>
  <datafield tag="440" ind1=" " ind2="0">
    <subfield code="a">Mel Bay guitar university series.</subfield>
    <subfield code="p">Fingerstyle curriculum.</subfield>
  </datafield>
  <datafield tag="505" ind1="0" ind2="0">
    <subfield code="t">Everything that rises must converge --</subfield>
    <subfield code="t">Feet on the ground --</subfield>
    <subfield code="t">Flood plain --</subfield>
    <subfield code="t">Fond farewells --</subfield>
    <subfield code="t">Grace Street --</subfield>
    <subfield code="t">Just another late night blues --</subfield>
    <subfield code="t">Laguna girls --</subfield>
    <subfield code="t">Midnight ride --</subfield>
    <subfield code="t">The Missouri waltz --</subfield>
    <subfield code="t">My melancholy baby --</subfield>
    <subfield code="t">Nashville family --</subfield>
    <subfield code="t">Nola --</subfield>
    <subfield code="t">Peak&apos;s puzzle --</subfield>
    <subfield code="t">Peg o&apos; my heart --</subfield>
    <subfield code="t">Phooka --</subfield>
    <subfield code="t">Postcard from Limbo --</subfield>
    <subfield code="t">The return of the flute --</subfield>
    <subfield code="t">Rites of passage --</subfield>
    <subfield code="t">Shining shadows --</subfield>
    <subfield code="t">Solitude --</subfield>
    <subfield code="t">Song for John --</subfield>
    <subfield code="t">Two cats with new shoes --</subfield>
    <subfield code="t">Willie May --</subfield>
    <subfield code="t">Wolf&apos;s head.</subfield>
  </datafield>
  <datafield tag="650" ind1=" " ind2="0">
    <subfield code="a">Guitar music.</subfield>
  </datafield>
  <datafield tag="650" ind1=" " ind2="0">
    <subfield code="a">Guitar music, Arranged.</subfield>
  </datafield>
  <datafield tag="700" ind1="1" ind2=" ">
    <subfield code="a">Gangel, William.</subfield>
    <subfield code="4">com</subfield>
  </datafield>
  <datafield tag="700" ind1="1" ind2=" ">
    <subfield code="a">Siktberg, Stephen.</subfield>
    <subfield code="4">edt</subfield>
  </datafield>
</record>