
<record>
  <leader>03011cam a22003134a 4500</leader>
  <controlfield tag="001">16066935</controlfield>
  <controlfield tag="005">20200103111425.0</controlfield>
  <controlfield tag="008">100125s2010    ne       b    100 0 eng  </controlfield>
  <datafield tag="906" ind1=" " ind2=" ">
    <subfield code="a">7</subfield>
    <subfield code="b">cbc</subfield>
    <subfield code="c">orignew</subfield>
    <subfield code="d">1</subfield>
    <subfield code="e">ecip</subfield>
    <subfield code="f">20</subfield>
    <subfield code="g">y-gencatlg</subfield>
  </datafield>
  <datafield tag="925" ind1="0" ind2=" ">
    <subfield code="a">acquire</subfield>
    <subfield code="b">1 shelf copy</subfield>
    <subfield code="x">policy default</subfield>
  </datafield>
  <datafield tag="955" ind1=" " ind2=" ">
    <subfield code="b">xg04 2010-01-25</subfield>
    <subfield code="i">xg04 2010-01-25 telework to xg08</subfield>
    <subfield code="a">xg08 2010-01-27 (rev)</subfield>
    <subfield code="a">xg04 2010-01-27 telework to Dewey</subfield>
    <subfield code="w">rd01 2010-01-29</subfield>
    <subfield code="a">xg13 2010-05-10 2 copies rec&apos;d., to CIP ver.</subfield>
    <subfield code="f">xg13 2010-05-13 Z-CipVer copies 1-2 to LL</subfield>
  </datafield>
  <datafield tag="010" ind1=" " ind2=" ">
    <subfield code="a">  2010002765</subfield>
  </datafield>
  <datafield tag="020" ind1=" " ind2=" ">
    <subfield code="a">9789004183919 (hardback : alk. paper)</subfield>
  </datafield>
  <datafield tag="020" ind1=" " ind2=" ">
    <subfield code="a">9004183914 (hardback : alk. paper)</subfield>
  </datafield>
  <datafield tag="035" ind1=" " ind2=" ">
    <subfield code="a">(OCoLC)ocn502875142</subfield>
  </datafield>
  <datafield tag="040" ind1=" " ind2=" ">
    <subfield code="a">DLC</subfield>
    <subfield code="c">DLC</subfield>
    <subfield code="d">YDX</subfield>
    <subfield code="d">YDXCP</subfield>
    <subfield code="d">DLC</subfield>
  </datafield>
  <datafield tag="041" ind1="0" ind2=" ">
    <subfield code="a">eng</subfield>
    <subfield code="a">fre</subfield>
  </datafield>
  <datafield tag="050" ind1="0" ind2="0">
    <subfield code="a">K3252.A6</subfield>
    <subfield code="b">R54 2010</subfield>
  </datafield>
  <datafield tag="082" ind1="0" ind2="0">
    <subfield code="a">341.6/7</subfield>
    <subfield code="2">22</subfield>
  </datafield>
  <datafield tag="245" ind1="0" ind2="4">
    <subfield code="a">The right to life /</subfield>
    <subfield code="c">Christian Tomuschat, Evelyne Lagrange and Stefan Oeter, editors.</subfield>
  </datafield>
  <datafield tag="260" ind1=" " ind2=" ">
    <subfield code="a">Leiden ;</subfield>
    <subfield code="a">Boston :</subfield>
    <subfield code="b">Martinus Nijhoff Publishers,</subfield>
    <subfield code="c">c2010.</subfield>
  </datafield>
  <datafield tag="300" ind1=" " ind2=" ">
    <subfield code="a">viii, 422 p. ;</subfield>
    <subfield code="c">25 cm.</subfield>
  </datafield>
  <datafield tag="504" ind1=" " ind2=" ">
    <subfield code="a">Includes bibliographical references.</subfield>
  </datafield>
  <datafield tag="505" ind1="0" ind2=" ">
    <subfield code="a">The right to life : legal and political foundations / Christian Tomuschat -- &apos;Death is different&apos; : the death penalty and the right to a fair trial / Walter Kälin -- Le recours à la force par la police / Paul Tavernier -- The duty to investigate the death of persons arrested and/or detained by public authorities / Vera Rusinova -- The bundesverfassungsgericht on the German Aerial Security Law : a sonderweg from the perspective of international law? / Georg Nolte -- Le crime de génocide dans la jurisprudence internationale : débats et hypothèses / Rafaëlle Maison -- The right to life and the relationship between human rights and humanitarian law / Vera Gowlland-Debbas -- The ICRC&apos;s clarification process on the notion of direct participation in hostilities under international humanitarian law / Nils Melzer -- Collateral damages : military necessity and the right to life / Stefan Oeter -- The status of captured fighters in non-international armed conflict / Michael Bothe -- Les &quot; combattants irréguliers &quot; en situation d&apos;occupation militaire / Philippe Weckel -- Targeted killings : a challenge for international law? / Stefanie Schmahl -- Assassinats ciblés et droit à la vie dans la jurisprudence de la Cour suprême israélienne / Hélène Tigroudja -- Le tyrannicide en droit international / Jean d&apos;Aspremont -- Le droit à la vie et le droit à une alimentation suffisante / Emmanuel Decaux -- The right to life and the right to health, in particular the obligation to reduce child mortality / Eibe Riedel -- &apos;Réfugiés écologiques&apos; et droit international / Astrid Epiney -- Conclusions générales : &quot; le droit à la vie en tant que jus cogens donnant naissance à des obligations erga omnes? &quot; / Pierre d&apos;Argent.</subfield>
  </datafield>
  <datafield tag="650" ind1=" " ind2="0">
    <subfield code="a">Right to life</subfield>
    <subfield code="v">Congresses.</subfield>
  </datafield>
  <datafield tag="650" ind1=" " ind2="0">
    <subfield code="a">Humanitarian law</subfield>
    <subfield code="v">Congresses.</subfield>
  </datafield>
  <datafield tag="700" ind1="1" ind2=" ">
    <subfield code="a">Tomuschat, Christian.</subfield>
  </datafield>
  <datafield tag="700" ind1="1" ind2=" ">
    <subfield code="a">Lagrange, Evelyne.</subfield>
  </datafield>
  <datafield tag="700" ind1="1" ind2=" ">
    <subfield code="a">Oeter, Stefan.</subfield>
  </datafield>
</record>