
<record>
  <leader>02341cam a2200325 a 4500</leader>
  <controlfield tag="001">16186717</controlfield>
  <controlfield tag="005">20200103141950.0</controlfield>
  <controlfield tag="008">100414s2011    nyua     b    001 0 eng  </controlfield>
  <datafield tag="906" ind1=" " ind2=" ">
    <subfield code="a">7</subfield>
    <subfield code="b">cbc</subfield>
    <subfield code="c">orignew</subfield>
    <subfield code="d">1</subfield>
    <subfield code="e">ecip</subfield>
    <subfield code="f">20</subfield>
    <subfield code="g">y-gencatlg</subfield>
  </datafield>
  <datafield tag="925" ind1="0" ind2=" ">
    <subfield code="a">acquire</subfield>
    <subfield code="b">1 shelf copy</subfield>
    <subfield code="x">policy default</subfield>
  </datafield>
  <datafield tag="955" ind1=" " ind2=" ">
    <subfield code="b">xg15 2010-04-14</subfield>
    <subfield code="i">xg15 2010-04-14</subfield>
    <subfield code="w">rd01 2010-04-15</subfield>
    <subfield code="a">xe10 2011-05-05 2 copies rec&apos;d., to CIP ver.</subfield>
    <subfield code="f">xg16 2011-05-18 to LL c. 1-2</subfield>
  </datafield>
  <datafield tag="010" ind1=" " ind2=" ">
    <subfield code="a">  2010015612</subfield>
  </datafield>
  <datafield tag="020" ind1=" " ind2=" ">
    <subfield code="a">9781616683078 (hbk.)</subfield>
  </datafield>
  <datafield tag="040" ind1=" " ind2=" ">
    <subfield code="a">DLC</subfield>
    <subfield code="c">DLC</subfield>
    <subfield code="d">DLC</subfield>
  </datafield>
  <datafield tag="042" ind1=" " ind2=" ">
    <subfield code="a">pcc</subfield>
  </datafield>
  <datafield tag="043" ind1=" " ind2=" ">
    <subfield code="a">n-us---</subfield>
  </datafield>
  <datafield tag="050" ind1="0" ind2="0">
    <subfield code="a">K1150</subfield>
    <subfield code="b">.M367 2011</subfield>
  </datafield>
  <datafield tag="082" ind1="0" ind2="0">
    <subfield code="a">343.09/6</subfield>
    <subfield code="2">22</subfield>
  </datafield>
  <datafield tag="245" ind1="0" ind2="0">
    <subfield code="a">Maritime law :</subfield>
    <subfield code="b">issues, challenges and implications /</subfield>
    <subfield code="c">Jack W. Harris (editor).</subfield>
  </datafield>
  <datafield tag="260" ind1=" " ind2=" ">
    <subfield code="a">[Hauppauge, N.Y.] :</subfield>
    <subfield code="b">Nova Science Publishers,</subfield>
    <subfield code="c">c2011.</subfield>
  </datafield>
  <datafield tag="300" ind1=" " ind2=" ">
    <subfield code="a">xi, 196 p. :</subfield>
    <subfield code="b">ill. ;</subfield>
    <subfield code="c">26 cm.</subfield>
  </datafield>
  <datafield tag="504" ind1=" " ind2=" ">
    <subfield code="a">Includes bibliographical references and index.</subfield>
  </datafield>
  <datafield tag="505" ind1="0" ind2="0">
    <subfield code="a">International approaches to underwater cultural heritage / Mark Staniforth, James Hunter, Emily Jateff -- Things, Inc.: a case for in situ application / Jerome Lynn Hall -- Innovative tools for preventing marine pollution from ships / Griselda Capaldo -- Coast Guard : administrative law judge program contains elements designed to foster judge&apos;s independence and mariner protections assessed are being followed / U.S. Government Accountability Office -- Reauthorization of the Federal Maritime Commission (FMC) : opportunity to reexamine the congressionally mandated antitrust exemption for ocean liner carriers? / John Frittelli -- Cruise Vessel Safety and Security Act of 2009 / John D. Rockefeller -- Framework agreement on integrated cross-border maritime law enforcement operations between the government of the United States of America and the government of Canada / Preamble -- Ocean Dumping Act : a summary of the law / Claudia Copeland -- America&apos;s advocate for the maritime industry : maritime administration policy paper / Maritime Administration -- Cruise ship pollution : background, laws and regulations, and key issues / Claudia Copeland.</subfield>
  </datafield>
  <datafield tag="650" ind1=" " ind2="0">
    <subfield code="a">Maritime law.</subfield>
  </datafield>
  <datafield tag="650" ind1=" " ind2="0">
    <subfield code="a">Law of the sea.</subfield>
  </datafield>
  <datafield tag="650" ind1=" " ind2="0">
    <subfield code="a">Marine pollution</subfield>
    <subfield code="x">Law and legislation.</subfield>
  </datafield>
  <datafield tag="650" ind1=" " ind2="0">
    <subfield code="a">Maritime law</subfield>
    <subfield code="z">United States.</subfield>
  </datafield>
  <datafield tag="650" ind1=" " ind2="0">
    <subfield code="a">Law of the sea</subfield>
    <subfield code="z">United States.</subfield>
  </datafield>
  <datafield tag="650" ind1=" " ind2="0">
    <subfield code="a">Marine pollution</subfield>
    <subfield code="x">Law and legislation</subfield>
    <subfield code="z">United States.</subfield>
  </datafield>
  <datafield tag="700" ind1="1" ind2=" ">
    <subfield code="a">Harris, Jack W.</subfield>
  </datafield>
</record>