
<record>
  <leader>03875cam a22003374a 4500</leader>
  <controlfield tag="001">16208112</controlfield>
  <controlfield tag="005">20200103144554.0</controlfield>
  <controlfield tag="008">100428s2010    nyu           001 0 eng  </controlfield>
  <datafield tag="906" ind1=" " ind2=" ">
    <subfield code="a">7</subfield>
    <subfield code="b">cbc</subfield>
    <subfield code="c">orignew</subfield>
    <subfield code="d">1</subfield>
    <subfield code="e">ecip</subfield>
    <subfield code="f">20</subfield>
    <subfield code="g">y-gencatlg</subfield>
  </datafield>
  <datafield tag="925" ind1="0" ind2=" ">
    <subfield code="a">acquire</subfield>
    <subfield code="b">1 shelf copy</subfield>
    <subfield code="x">policy default</subfield>
  </datafield>
  <datafield tag="955" ind1=" " ind2=" ">
    <subfield code="b">xj10 2010-04-28</subfield>
    <subfield code="c">xj10 2010-04-28 ONIX</subfield>
    <subfield code="d">xg17 2010-04-29</subfield>
    <subfield code="e">xg13 2010-04-29 to Dewey</subfield>
    <subfield code="w">rd01 2010-04-29</subfield>
    <subfield code="a">xg13 2010-09-21 1 copy rec&apos;d., to CIP ver.</subfield>
    <subfield code="f">xg11 2010-09-23 Z-CipVer to LL</subfield>
    <subfield code="t">xg20 2010-10-25 copy 2 added</subfield>
  </datafield>
  <datafield tag="010" ind1=" " ind2=" ">
    <subfield code="a">  2010018309</subfield>
  </datafield>
  <datafield tag="020" ind1=" " ind2=" ">
    <subfield code="a">9780199256853 (hardback)</subfield>
  </datafield>
  <datafield tag="020" ind1=" " ind2=" ">
    <subfield code="a">0199256853 (hardback)</subfield>
  </datafield>
  <datafield tag="035" ind1=" " ind2=" ">
    <subfield code="a">(OCoLC)ocn610466946</subfield>
  </datafield>
  <datafield tag="040" ind1=" " ind2=" ">
    <subfield code="a">DLC</subfield>
    <subfield code="c">DLC</subfield>
    <subfield code="d">YDX</subfield>
    <subfield code="d">BWK</subfield>
    <subfield code="d">YDXCP</subfield>
    <subfield code="d">BWX</subfield>
    <subfield code="d">CDX</subfield>
    <subfield code="d">DLC</subfield>
  </datafield>
  <datafield tag="042" ind1=" " ind2=" ">
    <subfield code="a">pcc</subfield>
  </datafield>
  <datafield tag="050" ind1="0" ind2="0">
    <subfield code="a">K3150</subfield>
    <subfield code="b">.L677 2010</subfield>
  </datafield>
  <datafield tag="082" ind1="0" ind2="0">
    <subfield code="a">342</subfield>
    <subfield code="2">22</subfield>
  </datafield>
  <datafield tag="100" ind1="1" ind2=" ">
    <subfield code="a">Loughlin, Martin.</subfield>
  </datafield>
  <datafield tag="245" ind1="1" ind2="0">
    <subfield code="a">Foundations of public law /</subfield>
    <subfield code="c">Martin Loughlin.</subfield>
  </datafield>
  <datafield tag="260" ind1=" " ind2=" ">
    <subfield code="a">New York :</subfield>
    <subfield code="b">Oxford University Press,</subfield>
    <subfield code="c">2010.</subfield>
  </datafield>
  <datafield tag="300" ind1=" " ind2=" ">
    <subfield code="a">xii, 515 p. ;</subfield>
    <subfield code="c">24 cm.</subfield>
  </datafield>
  <datafield tag="504" ind1=" " ind2=" ">
    <subfield code="a">Includes bibliographical references (p. [467]-510) and index.</subfield>
  </datafield>
  <datafield tag="505" ind1="8" ind2=" ">
    <subfield code="a">Machine generated contents note: -- Introduction: Rediscovering Public Law -- &lt;strong&gt;Part I: Origins &lt;/strong&gt; -- 1. Medieval Origins -- 2. The Birth of Public Law -- &lt;strong&gt;Part II: Formation &lt;/strong&gt; -- 3. The Architecture of Public Law -- 4. The Science of Political Right - I -- 5. The Science of Political Right - II -- 6. Political Jurisprudence -- &lt;strong&gt;Part III: State &lt;/strong&gt; -- 7. The Concept of the State -- 8. The Constitution of the State -- 9. State Formation -- &lt;strong&gt;Part IV: Constitution &lt;/strong&gt; -- 10. The Constitutional Contract -- 11. Rechtsstaat, The Rule of Law, L&apos;Etat de droit -- 12. Constitutional Rights -- &lt;strong&gt;Part V: Government &lt;/strong&gt; -- 13. The Prerogatives of Government -- 14. Potentia -- 15. The New Architecture of Public Law.</subfield>
  </datafield>
  <datafield tag="520" ind1=" " ind2=" ">
    <subfield code="a">&quot;Foundations of Public Law offers a distinctive, provocative theory of public law, building on the views first outlined in The Idea of Public Law (OUP, 2003).  The theory aims to identify the essential character of public law, explain its particular modes of operation, and specify its unique task. Public law is conceived broadly as a type of law that comes into existence as a consequence of the secularization, rationalization and positivization of the medieval idea of fundamental law. Formed as a result of the changes that give birth to the modern state, public law establishes the authority and legitimacy of modern governmental ordering.   Public law today is a universal phenomenon, but its origins are European. Part I of the book examines the conditions of its formation, showing how much the concept borrowed from the refined debates of medieval jurists. Part II then examines the nature of public law. Drawing on a line of juristic inquiry that developed from the late-sixteenth to the early nineteenth centuries - extending from Bodin, Althusius, Lipsius, Grotius, Hobbes, Spinoza, Locke and Pufendorf to the later works of Montesquieu, Rousseau, Kant, Fichte, Smith and Hegel - it presents an account of public law as a special type of political reason.  The remaining three Parts unpack the core elements of this concept: state, constitution, and government. By taking this broad approach to the subject, Professor Loughlin shows how, rather than being viewed as a limitation on power, law is better conceived as a means by which public power is generated. And by explaining the way that these core elements of state, constitution and government were shaped respectively by the technological, bourgeois, and disciplinary revolutions of the 16th-19th centuries, he reveals a concept of public law of considerable ambiguity, complexity and resilience&quot;--</subfield>
    <subfield code="c">Provided by publisher.</subfield>
  </datafield>
  <datafield tag="650" ind1=" " ind2="0">
    <subfield code="a">Public law.</subfield>
  </datafield>
  <datafield tag="650" ind1=" " ind2="0">
    <subfield code="a">Public law</subfield>
    <subfield code="x">History.</subfield>
  </datafield>
  <datafield tag="650" ind1=" " ind2="0">
    <subfield code="a">Public law</subfield>
    <subfield code="x">Philosophy.</subfield>
  </datafield>
  <datafield tag="650" ind1=" " ind2="0">
    <subfield code="a">State, The.</subfield>
  </datafield>
  <datafield tag="650" ind1=" " ind2="0">
    <subfield code="a">Rule of law.</subfield>
  </datafield>
</record>