
<record>
  <leader>03869cam a2200397 i 4500</leader>
  <controlfield tag="001">16518424</controlfield>
  <controlfield tag="005">20200103102614.0</controlfield>
  <controlfield tag="008">101026t20102010enk      b    001 0 eng  </controlfield>
  <datafield tag="906" ind1=" " ind2=" ">
    <subfield code="a">7</subfield>
    <subfield code="b">cbc</subfield>
    <subfield code="c">orignew</subfield>
    <subfield code="d">1</subfield>
    <subfield code="e">ecip</subfield>
    <subfield code="f">20</subfield>
    <subfield code="g">y-gencatlg</subfield>
  </datafield>
  <datafield tag="925" ind1="0" ind2=" ">
    <subfield code="a">acquire</subfield>
    <subfield code="b">1 shelf copy</subfield>
    <subfield code="x">policy default</subfield>
  </datafield>
  <datafield tag="955" ind1=" " ind2=" ">
    <subfield code="b">rg11 2010-10-26</subfield>
    <subfield code="c">rg11 2010-10-26 ONIX</subfield>
    <subfield code="d">xg17 2010-10-28</subfield>
    <subfield code="e">xg11 2010-10-29 to Dewey</subfield>
    <subfield code="w">rd05 2010-11-04</subfield>
    <subfield code="a">xg13 2011-04-01 2 copies rec&apos;d., to CIP ver.</subfield>
    <subfield code="f">xg05 2011-04-01 to LL</subfield>
  </datafield>
  <datafield tag="010" ind1=" " ind2=" ">
    <subfield code="a">  2010045704</subfield>
  </datafield>
  <datafield tag="020" ind1=" " ind2=" ">
    <subfield code="a">9780521190701 (hardback)</subfield>
  </datafield>
  <datafield tag="040" ind1=" " ind2=" ">
    <subfield code="a">DLC</subfield>
    <subfield code="b">eng</subfield>
    <subfield code="c">DLC</subfield>
    <subfield code="d">DLC</subfield>
    <subfield code="e">rda</subfield>
  </datafield>
  <datafield tag="042" ind1=" " ind2=" ">
    <subfield code="a">pcc</subfield>
  </datafield>
  <datafield tag="050" ind1="0" ind2="0">
    <subfield code="a">K5001</subfield>
    <subfield code="b">.R44 2010</subfield>
  </datafield>
  <datafield tag="082" ind1="0" ind2="0">
    <subfield code="a">364</subfield>
    <subfield code="2">22</subfield>
  </datafield>
  <datafield tag="084" ind1=" " ind2=" ">
    <subfield code="a">LAW026000</subfield>
    <subfield code="2">bisacsh</subfield>
  </datafield>
  <datafield tag="245" ind1="0" ind2="0">
    <subfield code="a">Regulation and Criminal Justice :</subfield>
    <subfield code="b">Innovations in Policy and Research /</subfield>
    <subfield code="c">edited by Hannah Quirk, Toby Seddon, and Graham Smith.</subfield>
  </datafield>
  <datafield tag="260" ind1=" " ind2=" ">
    <subfield code="a">Cambridge ;</subfield>
    <subfield code="a">New York :</subfield>
    <subfield code="b">Cambridge University Press,</subfield>
    <subfield code="c">2010, ©2010.</subfield>
  </datafield>
  <datafield tag="300" ind1=" " ind2=" ">
    <subfield code="a">xix, 321 pages ;</subfield>
    <subfield code="c">24 cm</subfield>
  </datafield>
  <datafield tag="336" ind1=" " ind2=" ">
    <subfield code="a">text</subfield>
    <subfield code="2">rdacontent</subfield>
  </datafield>
  <datafield tag="337" ind1=" " ind2=" ">
    <subfield code="a">unmediated</subfield>
    <subfield code="2">rdamedia</subfield>
  </datafield>
  <datafield tag="338" ind1=" " ind2=" ">
    <subfield code="a">volume</subfield>
    <subfield code="2">rdacarrier</subfield>
  </datafield>
  <datafield tag="520" ind1=" " ind2=" ">
    <subfield code="a">&quot;While regulatory institutions and strategies have been the subject of increasing academic attention, there has been limited application of regulatory theories to criminal justice scholarship. This collection of essays from a range of outstanding international scholars adopts a critical, inter-disciplinary approach, providing an innovative application of regulatory theory to the practice of criminal justice and offering suggestions for further research. Part I explores the aims and values of criminal justice and other regulatory networks and the synergies and tensions between these fields; Part II examines criminal justice as a regulatory force to control &apos;deviant&apos; and anti-social behaviour and Part III examines the regulation and oversight of criminal justice through the operation of prison inspectorates and explores notions of responsive justice&quot;--</subfield>
    <subfield code="c">Provided by publisher.</subfield>
  </datafield>
  <datafield tag="504" ind1=" " ind2=" ">
    <subfield code="a">Includes bibliographical references and index.</subfield>
  </datafield>
  <datafield tag="505" ind1="8" ind2=" ">
    <subfield code="a">Machine generated contents note: 1. Regulation and criminal justice: exploring the connections and disconnections Graham Smith, Toby Seddon and Hannah Quirk; Part I. Regulation and Criminal Justice: Framing the Debate: 2. Regulation and its relationship with the criminal justice process Anthony Ogus; 3. Reconciling the apparently different goals of criminal justice and regulation: the &apos;freedom&apos; perspective Andrew Sanders; 4. On the interface of criminal justice and regulation Peter Grabosky; Part II. Criminal Justice as Regulation: Responsivity, Alternatives and Expansion: 5. Nodal governance and the Zwelethemba model Clifford Shearing and Jan Froestad; 6. Regulatory compliance: organisational capacities and regulatory strategies for environmental protection Gary Lynch-Wood and David Williamson; 7. An intoxicated politics of regulation David Whyte; 8. Governing by civil order: towards new frameworks of support, coercion and sanction? John Flint and Caroline Hunter; 9. Counter-terrorism and community relations: anticipatory risk, regulation and justice Gabriel Mythen and Palash Kamruzzaman; Part III. Regulation of Criminal Justice: Monitoring, Effectiveness and Accountability: 10. The regulation of criminal justice - inspectorates, ombudsmen and inquiries Anne Owers; 11. Rethinking prison inspection: regulating institutions of confinement Toby Seddon; 12. Regulating democracy: justice, citizenship and inequality in Brazil Barbara Hudson.</subfield>
  </datafield>
  <datafield tag="650" ind1=" " ind2="0">
    <subfield code="a">Criminal justice, Administration of.</subfield>
  </datafield>
  <datafield tag="650" ind1=" " ind2="0">
    <subfield code="a">Punishment.</subfield>
  </datafield>
  <datafield tag="650" ind1=" " ind2="0">
    <subfield code="a">Sanctions, Administrative.</subfield>
  </datafield>
  <datafield tag="650" ind1=" " ind2="0">
    <subfield code="a">Administrative procedure.</subfield>
  </datafield>
  <datafield tag="650" ind1=" " ind2="0">
    <subfield code="a">Law enforcement.</subfield>
  </datafield>
  <datafield tag="700" ind1="1" ind2=" ">
    <subfield code="a">Quirk, Hannah,</subfield>
    <subfield code="d">1973-</subfield>
  </datafield>
  <datafield tag="700" ind1="1" ind2=" ">
    <subfield code="a">Seddon, Toby,</subfield>
    <subfield code="d">1970-</subfield>
  </datafield>
  <datafield tag="700" ind1="1" ind2=" ">
    <subfield code="a">Smith, Graham,</subfield>
    <subfield code="d">1957-</subfield>
  </datafield>
  <datafield tag="856" ind1="4" ind2="2">
    <subfield code="3">Cover image</subfield>
    <subfield code="u">http://assets.cambridge.org/97805211/90701/cover/9780521190701.jpg</subfield>
  </datafield>
</record>