
<record>
  <leader>01972cam a2200301 a 4500</leader>
  <controlfield tag="001">16537755</controlfield>
  <controlfield tag="005">20200103145357.0</controlfield>
  <controlfield tag="008">101115s2011    nyua     b    001 0 eng  </controlfield>
  <datafield tag="906" ind1=" " ind2=" ">
    <subfield code="a">7</subfield>
    <subfield code="b">cbc</subfield>
    <subfield code="c">orignew</subfield>
    <subfield code="d">1</subfield>
    <subfield code="e">ecip</subfield>
    <subfield code="f">20</subfield>
    <subfield code="g">y-gencatlg</subfield>
  </datafield>
  <datafield tag="925" ind1="0" ind2=" ">
    <subfield code="a">acquire</subfield>
    <subfield code="b">1 shelf copy</subfield>
    <subfield code="x">policy default</subfield>
  </datafield>
  <datafield tag="955" ind1=" " ind2=" ">
    <subfield code="b">xg08 2010-11-15</subfield>
    <subfield code="i">xg08 2010-11-15</subfield>
    <subfield code="e">xg13 2010-11-16 to Dewey</subfield>
    <subfield code="w">rd01 2010-11-18</subfield>
    <subfield code="a">uf29 2011-06-11 1 copy rec&apos;d., to CIP ver.</subfield>
    <subfield code="f">xg11 2011-06-15 Z-CipVer to LL</subfield>
    <subfield code="t">rc11 2011-07-15 copy 2 added</subfield>
  </datafield>
  <datafield tag="010" ind1=" " ind2=" ">
    <subfield code="a">  2010048464</subfield>
  </datafield>
  <datafield tag="020" ind1=" " ind2=" ">
    <subfield code="a">9780195390124 ((hardback) : alk. paper)</subfield>
  </datafield>
  <datafield tag="020" ind1=" " ind2=" ">
    <subfield code="a">0195390121 ((hardback) : alk. paper)</subfield>
  </datafield>
  <datafield tag="035" ind1=" " ind2=" ">
    <subfield code="a">(OCoLC)ocn682903932</subfield>
  </datafield>
  <datafield tag="040" ind1=" " ind2=" ">
    <subfield code="a">DLC</subfield>
    <subfield code="c">DLC</subfield>
    <subfield code="d">YDX</subfield>
    <subfield code="d">WLL</subfield>
    <subfield code="d">YDXCP</subfield>
    <subfield code="d">CDX</subfield>
    <subfield code="d">BWX</subfield>
    <subfield code="d">DLC</subfield>
  </datafield>
  <datafield tag="042" ind1=" " ind2=" ">
    <subfield code="a">pcc</subfield>
  </datafield>
  <datafield tag="050" ind1="0" ind2="0">
    <subfield code="a">K1519.D78</subfield>
    <subfield code="b">H6 2011</subfield>
  </datafield>
  <datafield tag="082" ind1="0" ind2="0">
    <subfield code="a">346.04/86</subfield>
    <subfield code="2">22</subfield>
  </datafield>
  <datafield tag="100" ind1="1" ind2=" ">
    <subfield code="a">Ho, Cynthia M.</subfield>
  </datafield>
  <datafield tag="245" ind1="1" ind2="0">
    <subfield code="a">Access to medicine in the global economy :</subfield>
    <subfield code="b">international agreements on patents and related rights /</subfield>
    <subfield code="c">Cynthia M. Ho.</subfield>
  </datafield>
  <datafield tag="260" ind1=" " ind2=" ">
    <subfield code="a">New York :</subfield>
    <subfield code="b">Oxford University Press,</subfield>
    <subfield code="c">c2011.</subfield>
  </datafield>
  <datafield tag="300" ind1=" " ind2=" ">
    <subfield code="a">xviii, 410 p. :</subfield>
    <subfield code="b">ill. ;</subfield>
    <subfield code="c">25 cm.</subfield>
  </datafield>
  <datafield tag="504" ind1=" " ind2=" ">
    <subfield code="a">Includes bibliographical references and index.</subfield>
  </datafield>
  <datafield tag="505" ind1="0" ind2=" ">
    <subfield code="a">From conception to commercial success -- A limitation on the patent right to exclude : an introduction to international exhaustion -- An introduction to TRIPS -- Freedom under TRIPS : India as an example -- Compulsory licensing under TRIPS : an introduction -- Compulsory license case study : an introduction to competing patent perspectives -- Complicated compulsory licenses : the waiver/article 31bis &quot;solution&quot; -- An overview of &quot;TRIPS-plus&quot; standards -- Beyond patents : protecting drugs through regulatory laws -- Suspensions of in-transit &quot;generic drugs&quot; : a case study of competing perspectives -- A history of access to medicine through the lens of patent perspectives -- Looking toward the future.</subfield>
  </datafield>
  <datafield tag="650" ind1=" " ind2="0">
    <subfield code="a">Drugs</subfield>
    <subfield code="v">Patents.</subfield>
  </datafield>
  <datafield tag="650" ind1=" " ind2="0">
    <subfield code="a">Intellectual property (International law)</subfield>
  </datafield>
  <datafield tag="650" ind1=" " ind2="0">
    <subfield code="a">Pharmaceutical industry</subfield>
    <subfield code="x">Technological innovations.</subfield>
  </datafield>
</record>