
<record>
  <leader>02326cam a2200409 a 4500</leader>
  <controlfield tag="001">16540553</controlfield>
  <controlfield tag="005">20200103140015.0</controlfield>
  <controlfield tag="008">101115s2011    nju      bd   001 0ceng  </controlfield>
  <datafield tag="906" ind1=" " ind2=" ">
    <subfield code="a">7</subfield>
    <subfield code="b">cbc</subfield>
    <subfield code="c">orignew</subfield>
    <subfield code="d">1</subfield>
    <subfield code="e">ecip</subfield>
    <subfield code="f">20</subfield>
    <subfield code="g">y-gencatlg</subfield>
  </datafield>
  <datafield tag="925" ind1="0" ind2=" ">
    <subfield code="a">acquire</subfield>
    <subfield code="b">1 shelf copy</subfield>
    <subfield code="x">policy default</subfield>
  </datafield>
  <datafield tag="955" ind1=" " ind2=" ">
    <subfield code="a">xh00 2010-12-14</subfield>
    <subfield code="d">xh03 2010-12-14 to Dewey</subfield>
    <subfield code="a">WANTED FOR SCIRR</subfield>
    <subfield code="w">rd13 2010-12-14</subfield>
    <subfield code="a">re10 2011-02-03 telework change request</subfield>
    <subfield code="a">xe14 2011-06-10 1 copy rec&apos;d., to CIP ver.</subfield>
    <subfield code="f">xh08 2011-07-14 CIP ver. to SciRR</subfield>
    <subfield code="t">rl02 2019-10-15 copy 2 to CALM</subfield>
  </datafield>
  <datafield tag="010" ind1=" " ind2=" ">
    <subfield code="a">  2010048444</subfield>
  </datafield>
  <datafield tag="020" ind1=" " ind2=" ">
    <subfield code="a">9780983115144</subfield>
    <subfield code="q">(hardcover : alk. paper)</subfield>
  </datafield>
  <datafield tag="020" ind1=" " ind2=" ">
    <subfield code="a">9780983115151</subfield>
    <subfield code="q">(softcover : alk. paper)</subfield>
  </datafield>
  <datafield tag="035" ind1=" " ind2=" ">
    <subfield code="a">(DNLM)101547542</subfield>
  </datafield>
  <datafield tag="040" ind1=" " ind2=" ">
    <subfield code="a">DNLM/DLC</subfield>
    <subfield code="c">DLC</subfield>
    <subfield code="d">DLC</subfield>
  </datafield>
  <datafield tag="042" ind1=" " ind2=" ">
    <subfield code="a">pcc</subfield>
  </datafield>
  <datafield tag="043" ind1=" " ind2=" ">
    <subfield code="a">n-us---</subfield>
  </datafield>
  <datafield tag="050" ind1="0" ind2="0">
    <subfield code="a">R695</subfield>
    <subfield code="b">.B43 2011</subfield>
  </datafield>
  <datafield tag="060" ind1="1" ind2="0">
    <subfield code="a">WZ 13</subfield>
  </datafield>
  <datafield tag="082" ind1="0" ind2="0">
    <subfield code="a">610.89/9607303</subfield>
    <subfield code="2">22</subfield>
  </datafield>
  <datafield tag="100" ind1="1" ind2=" ">
    <subfield code="a">Beckford, Geraldine Rhoades.</subfield>
  </datafield>
  <datafield tag="245" ind1="1" ind2="0">
    <subfield code="a">Biographical dictionary of American physicians of African ancestry, 1800-1920 /</subfield>
    <subfield code="c">compiled by Geraldine Rhoades Beckford.</subfield>
  </datafield>
  <datafield tag="260" ind1=" " ind2=" ">
    <subfield code="a">Cherry Hill, N.J. :</subfield>
    <subfield code="b">Africana Homestead Legacy Publishers,</subfield>
    <subfield code="c">c2011.</subfield>
  </datafield>
  <datafield tag="300" ind1=" " ind2=" ">
    <subfield code="a">xi, 493 p. ;</subfield>
    <subfield code="c">29 cm.</subfield>
  </datafield>
  <datafield tag="504" ind1=" " ind2=" ">
    <subfield code="a">Includes bibliographical references (p. [419]-430) and index.</subfield>
  </datafield>
  <datafield tag="520" ind1=" " ind2=" ">
    <subfield code="a">&quot;Presents biographical information on physicians of African ancestry who practiced in the United States or taught those who practiced in the U.S. between 1800 and 1920. Features more than 3,000 entries that provide the physician&apos;s birth and death dates, place of practice, medical school and year of graduation, birthplace, parents, spouse, and children. Includes a geographical index&quot;--Provided by publisher.</subfield>
  </datafield>
  <datafield tag="650" ind1=" " ind2="0">
    <subfield code="a">African American physicians</subfield>
    <subfield code="x">History</subfield>
    <subfield code="y">19th century</subfield>
    <subfield code="v">Biography</subfield>
    <subfield code="v">Dictionaries.</subfield>
  </datafield>
  <datafield tag="650" ind1=" " ind2="0">
    <subfield code="a">African American physicians</subfield>
    <subfield code="x">History</subfield>
    <subfield code="y">20th century</subfield>
    <subfield code="v">Biography</subfield>
    <subfield code="v">Dictionaries.</subfield>
  </datafield>
  <datafield tag="650" ind1="1" ind2="2">
    <subfield code="a">African Americans</subfield>
    <subfield code="z">United States</subfield>
    <subfield code="v">Biography.</subfield>
  </datafield>
  <datafield tag="650" ind1="1" ind2="2">
    <subfield code="a">African Americans</subfield>
    <subfield code="z">United States</subfield>
    <subfield code="v">Dictionary</subfield>
    <subfield code="x">English.</subfield>
  </datafield>
  <datafield tag="650" ind1="1" ind2="2">
    <subfield code="a">Physicians</subfield>
    <subfield code="z">United States</subfield>
    <subfield code="v">Biography.</subfield>
  </datafield>
  <datafield tag="650" ind1="1" ind2="2">
    <subfield code="a">Physicians</subfield>
    <subfield code="z">United States</subfield>
    <subfield code="v">Dictionary</subfield>
    <subfield code="x">English.</subfield>
  </datafield>
  <datafield tag="650" ind1="2" ind2="2">
    <subfield code="a">African Continental Ancestry Group</subfield>
    <subfield code="z">United States</subfield>
    <subfield code="v">Biography.</subfield>
  </datafield>
  <datafield tag="650" ind1="2" ind2="2">
    <subfield code="a">African Continental Ancestry Group</subfield>
    <subfield code="z">United States</subfield>
    <subfield code="v">Dictionary</subfield>
    <subfield code="x">English.</subfield>
  </datafield>
  <datafield tag="985" ind1=" " ind2=" ">
    <subfield code="a">NLMCIP</subfield>
    <subfield code="d">2010-11-17</subfield>
  </datafield>
  <datafield tag="991" ind1=" " ind2=" ">
    <subfield code="b">r-SciRR</subfield>
    <subfield code="h">R695</subfield>
    <subfield code="i">.B43 2011</subfield>
    <subfield code="t">Copy 1</subfield>
    <subfield code="w">GenBib</subfield>
  </datafield>
</record>