
<record>
  <leader>02303ccm a22002654a 4500</leader>
  <controlfield tag="001">16588242</controlfield>
  <controlfield tag="005">20200103113634.0</controlfield>
  <controlfield tag="008">101222s2002    nyubta|        n  | zxx  </controlfield>
  <datafield tag="906" ind1=" " ind2=" ">
    <subfield code="a">7</subfield>
    <subfield code="b">cbc</subfield>
    <subfield code="c">orignew</subfield>
    <subfield code="d">3</subfield>
    <subfield code="e">ncip</subfield>
    <subfield code="f">20</subfield>
    <subfield code="g">y-genmusic</subfield>
  </datafield>
  <datafield tag="925" ind1="0" ind2=" ">
    <subfield code="a">acquire</subfield>
    <subfield code="b">1 shelf copy</subfield>
    <subfield code="x">policy default</subfield>
  </datafield>
  <datafield tag="955" ind1=" " ind2=" ">
    <subfield code="i">vk13 2010-12-22</subfield>
    <subfield code="e">vl34 2011-01-28 to Music Division</subfield>
    <subfield code="t">vl34 2011-01-28 c. 2 to Music Division</subfield>
    <subfield code="e">vl39 2011-01-31 to BCCD 2 copies</subfield>
  </datafield>
  <datafield tag="010" ind1=" " ind2=" ">
    <subfield code="a">  2010564828</subfield>
  </datafield>
  <datafield tag="020" ind1=" " ind2=" ">
    <subfield code="a">0825849144</subfield>
  </datafield>
  <datafield tag="024" ind1="1" ind2=" ">
    <subfield code="a">798408049140</subfield>
  </datafield>
  <datafield tag="028" ind1="2" ind2="2">
    <subfield code="a">PL1120</subfield>
    <subfield code="b">Fischer</subfield>
  </datafield>
  <datafield tag="040" ind1=" " ind2=" ">
    <subfield code="a">DLC</subfield>
    <subfield code="c">DLC</subfield>
  </datafield>
  <datafield tag="050" ind1="0" ind2="0">
    <subfield code="a">M38.3</subfield>
    <subfield code="b">.B</subfield>
  </datafield>
  <datafield tag="245" ind1="0" ind2="0">
    <subfield code="a">Ballet themes made easy for piano solo /</subfield>
    <subfield code="c">[arranged by] John Brimhall.</subfield>
  </datafield>
  <datafield tag="260" ind1=" " ind2=" ">
    <subfield code="a">New York :</subfield>
    <subfield code="b">Fischer,</subfield>
    <subfield code="c">c2002.</subfield>
  </datafield>
  <datafield tag="300" ind1=" " ind2=" ">
    <subfield code="a">48 p. of music ;</subfield>
    <subfield code="c">31 cm.</subfield>
  </datafield>
  <datafield tag="490" ind1="0" ind2=" ">
    <subfield code="a">Great music made easy masterwork series</subfield>
  </datafield>
  <datafield tag="505" ind1="0" ind2=" ">
    <subfield code="a">Aragonaise : from the opera Le Cid / Jules Massenet -- Ballet music : from Rosamunde, D. 797 / Franz Schubert -- Ballet music : from the opera Faust / Charles Gounod -- Berceuse = Lullaby : from the Firebird / Igor Stravinsky -- Dance of the hours of day (part 3 of Dance of the hours) : from La Gioconda / Amilcare Ponchielli -- Dance of the Sugar Plum Fairy : from the Nutcracker, op. 71 / Peter Ilyich Tchaikovsky -- Gaite parisienne : from Orpheus in the underworld / Jacques Offenbach -- Gypsy dance : from Pétrouchka / Igor Stravinsky -- Invitation to the dance : from Le spectre de la rose / Carl Maria von Weber -- March from the Nutcracker, op. 71 / Peter Ilyich Tchaikovsky -- Pizzicati from Sylvia / Léo Delibes -- Polovetzian dance : from the opera Prince Igor / Alexander Borodin -- Prelude to the afternoon of a faun = Prélude à l&apos;après-midi d&apos;un faune / Claude Debussy -- Ronde des princesses : from the Firebird / Igor Stravinsky -- Swan, the : from Carnival of the animals / Camille Saint-Saëns -- Swan lake : main theme, op. 20 / Peter Ilyich Tchaikovsky -- Valse lente : from Coppélia / Léo Delibes -- Valse lente : from Sylvia / Léo Delibes -- Waltz from the Sleeping beauty, op. 66 / Peter Ilyich Tchaikovsky -- Waltz in C# minor, op. 64, no. 2 / Frédéric Chopin -- Waltz of the flowers : from the Nutcracker, op. 71 / Peter Ilyich Tchaikovsky.</subfield>
  </datafield>
  <datafield tag="650" ind1=" " ind2="0">
    <subfield code="a">Piano music, Arranged.</subfield>
  </datafield>
  <datafield tag="650" ind1=" " ind2="0">
    <subfield code="a">Ballets</subfield>
    <subfield code="v">Excerpts, Arranged.</subfield>
  </datafield>
  <datafield tag="700" ind1="1" ind2=" ">
    <subfield code="a">Brimhall, John.</subfield>
    <subfield code="4">arr</subfield>
  </datafield>
</record>