
<record>
  <leader>04643cam a22003854a 4500</leader>
  <controlfield tag="001">16620931</controlfield>
  <controlfield tag="005">20200103164707.0</controlfield>
  <controlfield tag="008">110122s2011    enk      b    001 0 eng  </controlfield>
  <datafield tag="906" ind1=" " ind2=" ">
    <subfield code="a">7</subfield>
    <subfield code="b">cbc</subfield>
    <subfield code="c">orignew</subfield>
    <subfield code="d">1</subfield>
    <subfield code="e">ecip</subfield>
    <subfield code="f">20</subfield>
    <subfield code="g">y-gencatlg</subfield>
  </datafield>
  <datafield tag="925" ind1="0" ind2=" ">
    <subfield code="a">acquire</subfield>
    <subfield code="b">2 shelf copies</subfield>
    <subfield code="x">policy default</subfield>
  </datafield>
  <datafield tag="955" ind1=" " ind2=" ">
    <subfield code="b">rf20 2011-01-22</subfield>
    <subfield code="i">rf20 2011-01-22 ONIX</subfield>
    <subfield code="a">rf20 2011-01-24 to Dewey</subfield>
    <subfield code="w">rd14 2011-01-24</subfield>
    <subfield code="f">CIP ver. re03 2011-07-05 To BCCD</subfield>
    <subfield code="u">rf25 2020-01-03</subfield>
  </datafield>
  <datafield tag="010" ind1=" " ind2=" ">
    <subfield code="a">  2011002989</subfield>
  </datafield>
  <datafield tag="020" ind1=" " ind2=" ">
    <subfield code="a">9781405198738 (hardback)</subfield>
  </datafield>
  <datafield tag="040" ind1=" " ind2=" ">
    <subfield code="a">DLC</subfield>
    <subfield code="c">DLC</subfield>
    <subfield code="d">DLC</subfield>
  </datafield>
  <datafield tag="042" ind1=" " ind2=" ">
    <subfield code="a">pcc</subfield>
  </datafield>
  <datafield tag="050" ind1="0" ind2="0">
    <subfield code="a">CC135</subfield>
    <subfield code="b">.C534 2011</subfield>
  </datafield>
  <datafield tag="082" ind1="0" ind2="0">
    <subfield code="a">363.6/9</subfield>
    <subfield code="2">22</subfield>
  </datafield>
  <datafield tag="084" ind1=" " ind2=" ">
    <subfield code="a">SOC002010</subfield>
    <subfield code="2">bisacsh</subfield>
  </datafield>
  <datafield tag="245" ind1="0" ind2="2">
    <subfield code="a">A companion to cultural resource management /</subfield>
    <subfield code="c">edited by Thomas F. King.</subfield>
  </datafield>
  <datafield tag="260" ind1=" " ind2=" ">
    <subfield code="a">Chichester, West Sussex, UK ;</subfield>
    <subfield code="a">Malden, MA :</subfield>
    <subfield code="b">Wiley-Blackwell,</subfield>
    <subfield code="c">2011.</subfield>
  </datafield>
  <datafield tag="300" ind1=" " ind2=" ">
    <subfield code="a">xv, 579 p. ;</subfield>
    <subfield code="c">26 cm.</subfield>
  </datafield>
  <datafield tag="490" ind1="0" ind2=" ">
    <subfield code="a">Blackwell companions to anthropology ;</subfield>
    <subfield code="v">17</subfield>
  </datafield>
  <datafield tag="520" ind1=" " ind2=" ">
    <subfield code="a">&quot;A Companion to Cultural Resource Management is an indispensible guide to students, beginning practitioners, and others wishing to gain a deeper understanding of the field of cultural resource management. Each article is authored by CRM experts or representatives of the voices of affected groups, including archaeologists, architectural historians, museum curators, historians and independent researchers who help build an understanding of cultural and heritage management, around the globe, and how it may develop in the future. These authors identify and illustrate the problems and realities that face practitioners &apos;on the ground&apos;. The Companion gives a detailed account of the identification and management of particular cultural resource types, such as historic structures, archaeological sites, artifacts, natural places with cultural significance, languages, and religious beliefs. Other sections focus on practice in government agencies and consulting firms. The broad range of topics and perspectives in this new Companion offers critical ideas and practical knowledge to those working with CRM or heritage management throughout the world. &quot;--</subfield>
    <subfield code="c">Provided by publisher.</subfield>
  </datafield>
  <datafield tag="504" ind1=" " ind2=" ">
    <subfield code="a">Includes bibliographical references and index.</subfield>
  </datafield>
  <datafield tag="505" ind1="8" ind2=" ">
    <subfield code="a">Machine generated contents note: Acknowledgements. -- Contributor Biographies. -- Introduction. -- 1. Studying and Evaluation the Built Environment. -- 2. Principles of Architectural Preservation. -- 3. Archaeology of the Distant Past. -- 4. Archaeological Sites of the Recent Past. -- 5. Space, Place and Landscape: Geographies of Cultural Resource Management. -- 6. Where Nature and Culture Meet: Managing Culturally Significant Natural Resources. -- 7. History as a Cultural Resource. -- 8. &quot;This Belongs in a Museum?&quot; Portable Cultural Property. -- 9. Values are in the Mind: &quot;Intangible&quot; Cultural Resources. -- 10. Religious Belief and Practice. -- 11. Managing Language as an Integrated Cultural Resource. -- 12. In Too Deep: Challenges of Maritime Archaeology. -- 13. Keeping Historic Watercraft Afloat. -- 14. Enfants Terribles - Historic Aircraft and Spacecraft. -- 15. Studying and Managing Aerospace Crash Sites. -- 16. Rockets, Tang?, and Telescopes: Evaluating and Managing Technical and Scientific Properties. -- 17. Fields of Conflict. -- 18. Managing Our Military Heritage. -- 19. All in Line: The Challenge of Linear Resources and Linear Projects. -- 20. Rock Art as Cultural Resource. -- 21. Consultation in Cultural Resource Management: An Indigenous Perspective. -- 22. Where We&apos;re From: The Perspective of a Displaced People. -- 23. The Legal M?lange. -- 24. International Variety in CRM. -- 25. Consultation and Negotiation. -- 26. CRM in a United States Government Agency: Some Thoughts on Surviving and Succeeding While Working for Federal Land Managing Agencies. -- 27. Making a Living in CRM: First, A Discouraging Word. -- 28. The Historic Built Environment: A Planning Perspective from the Western United States. -- 29. Cultural Resource Management at War. -- The Military and Anthropologists in Iraq, 2004-2007: Discovering Shared Interests and Values. -- 30. A Future for Cultural Resource Management?</subfield>
  </datafield>
  <datafield tag="650" ind1=" " ind2="0">
    <subfield code="a">Historic sites</subfield>
    <subfield code="x">Conservation and restoration.</subfield>
  </datafield>
  <datafield tag="650" ind1=" " ind2="0">
    <subfield code="a">Historic buildings</subfield>
    <subfield code="x">Conservation and restoration.</subfield>
  </datafield>
  <datafield tag="650" ind1=" " ind2="0">
    <subfield code="a">Architecture</subfield>
    <subfield code="x">Conservation and restoration.</subfield>
  </datafield>
  <datafield tag="650" ind1=" " ind2="0">
    <subfield code="a">Historic preservation.</subfield>
  </datafield>
  <datafield tag="650" ind1=" " ind2="0">
    <subfield code="a">Cultural property</subfield>
    <subfield code="x">Protection.</subfield>
  </datafield>
  <datafield tag="650" ind1=" " ind2="0">
    <subfield code="a">Cultural policy.</subfield>
  </datafield>
  <datafield tag="650" ind1=" " ind2="0">
    <subfield code="a">Antiquities</subfield>
    <subfield code="x">Collection and preservation.</subfield>
  </datafield>
  <datafield tag="650" ind1=" " ind2="7">
    <subfield code="a">SOCIAL SCIENCE / Anthropology / Cultural</subfield>
    <subfield code="2">bisacsh.</subfield>
  </datafield>
  <datafield tag="700" ind1="1" ind2=" ">
    <subfield code="a">King, Thomas F.</subfield>
  </datafield>
  <datafield tag="856" ind1="4" ind2="2">
    <subfield code="3">Cover image</subfield>
    <subfield code="u">http://catalogimages.wiley.com/images/db/jimages/9781405198738.jpg</subfield>
  </datafield>
</record>