
<record>
  <leader>03189cam a2200301 a 4500</leader>
  <controlfield tag="001">16746625</controlfield>
  <controlfield tag="005">20200103142448.0</controlfield>
  <controlfield tag="008">110422s2011    enka     b    001 0 eng d</controlfield>
  <datafield tag="906" ind1=" " ind2=" ">
    <subfield code="a">7</subfield>
    <subfield code="b">cbc</subfield>
    <subfield code="c">copycat</subfield>
    <subfield code="d">2</subfield>
    <subfield code="e">epcn</subfield>
    <subfield code="f">20</subfield>
    <subfield code="g">y-gencatlg</subfield>
  </datafield>
  <datafield tag="925" ind1="0" ind2=" ">
    <subfield code="a">acquire</subfield>
    <subfield code="b">1 shelf copy</subfield>
    <subfield code="x">policy default</subfield>
  </datafield>
  <datafield tag="955" ind1=" " ind2=" ">
    <subfield code="a">pc11 2011-04-22</subfield>
    <subfield code="b">xg13 2011-08-02 z-processor</subfield>
    <subfield code="i">xg16 2011-08-04 to LL</subfield>
    <subfield code="t">xg20 2011-10-17 copy 2 added</subfield>
  </datafield>
  <datafield tag="010" ind1=" " ind2=" ">
    <subfield code="a">  2011928002</subfield>
  </datafield>
  <datafield tag="020" ind1=" " ind2=" ">
    <subfield code="a">9780199693610 (hbk. : alk. paper)</subfield>
  </datafield>
  <datafield tag="020" ind1=" " ind2=" ">
    <subfield code="a">0199693617 (hbk. : alk. paper)</subfield>
  </datafield>
  <datafield tag="035" ind1=" " ind2=" ">
    <subfield code="a">(OCoLC)ocn713186669</subfield>
  </datafield>
  <datafield tag="040" ind1=" " ind2=" ">
    <subfield code="a">BTCTA</subfield>
    <subfield code="b">eng</subfield>
    <subfield code="c">BTCTA</subfield>
    <subfield code="d">YDXCP</subfield>
    <subfield code="d">CDX</subfield>
    <subfield code="d">NLE</subfield>
    <subfield code="d">BWK</subfield>
    <subfield code="d">I8H</subfield>
    <subfield code="d">BOL</subfield>
    <subfield code="d">TKF</subfield>
    <subfield code="d">DLC</subfield>
  </datafield>
  <datafield tag="042" ind1=" " ind2=" ">
    <subfield code="a">lccopycat</subfield>
  </datafield>
  <datafield tag="050" ind1="0" ind2="0">
    <subfield code="a">K1705</subfield>
    <subfield code="b">.I34 2011</subfield>
  </datafield>
  <datafield tag="082" ind1="0" ind2="4">
    <subfield code="a">344.01</subfield>
    <subfield code="2">22</subfield>
  </datafield>
  <datafield tag="245" ind1="0" ind2="4">
    <subfield code="a">The idea of labour law /</subfield>
    <subfield code="c">editors: Guy Davidov &amp; Brian Langille.</subfield>
  </datafield>
  <datafield tag="260" ind1=" " ind2=" ">
    <subfield code="a">Oxford ;</subfield>
    <subfield code="a">New York :</subfield>
    <subfield code="b">Oxford University Press,</subfield>
    <subfield code="c">2011.</subfield>
  </datafield>
  <datafield tag="300" ind1=" " ind2=" ">
    <subfield code="a">xii, 441 p. :</subfield>
    <subfield code="b">ill. ;</subfield>
    <subfield code="c">24 cm.</subfield>
  </datafield>
  <datafield tag="504" ind1=" " ind2=" ">
    <subfield code="a">Includes bibliographical references and index.</subfield>
  </datafield>
  <datafield tag="505" ind1="0" ind2="0">
    <subfield code="a">Labour law after labour / Harry Arthurs -- Factors influencing the making and transformation of labour law in Europe / Bob Hepple -- Re-inventing labour law? / Manfred Weiss -- Hugo Sinzheimer and the constitutional function of labour law / Ruth Dukes -- Global conceptualization and locasl constructions of the idea of labour law / Adrián Goldin -- The idea of the idea of labour law : a parable / Alan Hyde --  Labour law&apos;s theory of justice / Brian Langille -- Labour as a &apos;fictive commodity&apos; : radically reconceptualizing labour law / Judy Fudge -- Theories of rights as justifications for labour law / Hugh Collins -- The contribution of labour law to economic and human development / Simon Deakin -- Re-matching labour laws with their purpose / Guy Davidov -- The legal characterization of personal work relations and the idea of labour law / Mark Freedland and Nicola Kountouris -- Ideas of labour law : a view from the south / Paul Benjamin -- Informal employment and the challenges for labour law / Kamala Sankaran -- The impossibility of work law / Noah D. Zatz -- Using procurement law to enforce labour standards / Catherine Barnard -- Labor activism in local politics : from CBAs to &apos;CBAs&apos; / Katherine Stone and Scott Cummings -- The broad idea of labour law : industrial policy, labour market regulation, and decent work / John Howe.</subfield>
  </datafield>
  <datafield tag="505" ind1="0" ind2="0">
    <subfield code="a">The third function of labour law : distributing labour market opportunities among workers / Guy Mundlak -- Beyond collective bargaining : modern unions as agents of social solidarity / Gillian Lester -- From conflict to regulation : the transformative function of labour law / Julia López, Consuelo Chacartegui, and César G. Cantón -- Out of the shadows? the Non-Binding Multilateral Framework on Migration (2006) and prospects for using international labour regulation to forge global labour market membership / Leah F. Vosko -- Flexible bureaucracies in labor market regulation /  Michael J. Piore -- Collective exit strategies : new ideas in transnational labour law / Silvana Sciarra -- Emancipation in the idea of labour law / Adelle Blackett.</subfield>
  </datafield>
  <datafield tag="650" ind1=" " ind2="0">
    <subfield code="a">Labor laws and legislation.</subfield>
  </datafield>
  <datafield tag="700" ind1="1" ind2=" ">
    <subfield code="a">Davidov, Guy,</subfield>
    <subfield code="d">1970-</subfield>
  </datafield>
  <datafield tag="700" ind1="1" ind2=" ">
    <subfield code="a">Langille, Brian.</subfield>
  </datafield>
</record>