
<record>
  <leader>02019cam a2200325 a 4500</leader>
  <controlfield tag="001">16751897</controlfield>
  <controlfield tag="005">20200103134103.0</controlfield>
  <controlfield tag="008">110427s2011    nyu      b    001 0 eng  </controlfield>
  <datafield tag="906" ind1=" " ind2=" ">
    <subfield code="a">7</subfield>
    <subfield code="b">cbc</subfield>
    <subfield code="c">orignew</subfield>
    <subfield code="d">1</subfield>
    <subfield code="e">ecip</subfield>
    <subfield code="f">20</subfield>
    <subfield code="g">y-gencatlg</subfield>
  </datafield>
  <datafield tag="925" ind1="0" ind2=" ">
    <subfield code="a">acquire</subfield>
    <subfield code="b">1 shelf copy</subfield>
    <subfield code="x">policy default</subfield>
  </datafield>
  <datafield tag="955" ind1=" " ind2=" ">
    <subfield code="b">xg04 2011-04-27 telework</subfield>
    <subfield code="c">xg04 2011-04-27 telework (1 NAR nedded) to xg08</subfield>
    <subfield code="a">xg08 2011-05-02 (consulting with PSD)</subfield>
    <subfield code="d">xg08 2011-05-03 (to PSD)</subfield>
    <subfield code="a">xg04 2011-05-03 to xg01 then PSD</subfield>
    <subfield code="a">td04 2011-05-12 to Dewey</subfield>
    <subfield code="w">rd01 2011-05-17</subfield>
    <subfield code="a">xg13 2011-09-07 1 copy rec&apos;d., to CIP ver.</subfield>
    <subfield code="f">xg16 2011-09-08 Z-CipVer to LL</subfield>
    <subfield code="t">xg20 2011-09-30 copy 2 added</subfield>
  </datafield>
  <datafield tag="010" ind1=" " ind2=" ">
    <subfield code="a">  2011017407</subfield>
  </datafield>
  <datafield tag="020" ind1=" " ind2=" ">
    <subfield code="a">9780814752791 (hbk. : alk. paper)</subfield>
  </datafield>
  <datafield tag="020" ind1=" " ind2=" ">
    <subfield code="a">0814752799 (hbk. : alk. paper)</subfield>
  </datafield>
  <datafield tag="020" ind1=" " ind2=" ">
    <subfield code="a">9780814752807 (e-book)</subfield>
  </datafield>
  <datafield tag="020" ind1=" " ind2=" ">
    <subfield code="a">0814752802 (e-book)</subfield>
  </datafield>
  <datafield tag="035" ind1=" " ind2=" ">
    <subfield code="a">(OCoLC)ocn697261040</subfield>
  </datafield>
  <datafield tag="040" ind1=" " ind2=" ">
    <subfield code="a">DLC</subfield>
    <subfield code="c">DLC</subfield>
    <subfield code="d">YDX</subfield>
    <subfield code="d">BTCTA</subfield>
    <subfield code="d">YDXCP</subfield>
    <subfield code="d">BWX</subfield>
    <subfield code="d">DLC</subfield>
  </datafield>
  <datafield tag="042" ind1=" " ind2=" ">
    <subfield code="a">pcc</subfield>
  </datafield>
  <datafield tag="043" ind1=" " ind2=" ">
    <subfield code="a">n-us---</subfield>
    <subfield code="a">a-ii---</subfield>
  </datafield>
  <datafield tag="050" ind1="0" ind2="0">
    <subfield code="a">K5410.T6</subfield>
    <subfield code="b">L65 2011</subfield>
  </datafield>
  <datafield tag="082" ind1="0" ind2="0">
    <subfield code="a">345.025</subfield>
    <subfield code="2">23</subfield>
  </datafield>
  <datafield tag="100" ind1="1" ind2=" ">
    <subfield code="a">Lokaneeta, Jinee.</subfield>
  </datafield>
  <datafield tag="245" ind1="1" ind2="0">
    <subfield code="a">Transnational torture :</subfield>
    <subfield code="b">law, violence, and state power in the United States and India /</subfield>
    <subfield code="c">Jinee Lokaneeta.</subfield>
  </datafield>
  <datafield tag="260" ind1=" " ind2=" ">
    <subfield code="a">New York :</subfield>
    <subfield code="b">New York University Press,</subfield>
    <subfield code="c">c2011.</subfield>
  </datafield>
  <datafield tag="300" ind1=" " ind2=" ">
    <subfield code="a">x, 293 p. ;</subfield>
    <subfield code="c">24 cm.</subfield>
  </datafield>
  <datafield tag="504" ind1=" " ind2=" ">
    <subfield code="a">Includes bibliographical references (p. 271-279) and index.</subfield>
  </datafield>
  <datafield tag="505" ind1="0" ind2=" ">
    <subfield code="a">Introduction : do the ghosts of Leviathan linger on? Law, violence, and torture in liberal democracies -- Law&apos;s struggle with violence : ambivalence in the &quot;routine&quot; : jurisprudence of interrogations in the United States -- &quot;Being helplessly civilized leaves us at the mercy of the beast&quot; : post-9/11 discourses on torture in the United States -- Torture in the TV show 24 : circulation of meanings -- Jurisprudence on torture and interrogations in India -- Contemporary states of exception : extraordinary laws and interrogation in India -- Conclusion : unraveling the exception : torture in liberal democracies.</subfield>
  </datafield>
  <datafield tag="650" ind1=" " ind2="0">
    <subfield code="a">Torture</subfield>
    <subfield code="z">United States.</subfield>
  </datafield>
  <datafield tag="650" ind1=" " ind2="0">
    <subfield code="a">Torture</subfield>
    <subfield code="z">India.</subfield>
  </datafield>
</record>