
<record>
  <leader>03734cam a2200325 a 4500</leader>
  <controlfield tag="001">16824456</controlfield>
  <controlfield tag="005">20200103132800.0</controlfield>
  <controlfield tag="008">110613s2012    enk      b    001 0 eng  </controlfield>
  <datafield tag="906" ind1=" " ind2=" ">
    <subfield code="a">7</subfield>
    <subfield code="b">cbc</subfield>
    <subfield code="c">orignew</subfield>
    <subfield code="d">1</subfield>
    <subfield code="e">ecip</subfield>
    <subfield code="f">20</subfield>
    <subfield code="g">y-gencatlg</subfield>
  </datafield>
  <datafield tag="925" ind1="0" ind2=" ">
    <subfield code="a">acquire</subfield>
    <subfield code="b">1 shelf copy</subfield>
    <subfield code="x">policy default</subfield>
  </datafield>
  <datafield tag="955" ind1=" " ind2=" ">
    <subfield code="b">xg12 2011-06-13</subfield>
    <subfield code="i">xg12 2011-06-13 ONIX to Dewey</subfield>
    <subfield code="w">rd01 2011-06-15</subfield>
    <subfield code="f">xg16 2011-12-06 to LL</subfield>
    <subfield code="t">rf18 2012-01-24 copy 2 added</subfield>
  </datafield>
  <datafield tag="010" ind1=" " ind2=" ">
    <subfield code="a">  2011025091</subfield>
  </datafield>
  <datafield tag="020" ind1=" " ind2=" ">
    <subfield code="a">9781107008434 (hbk.)</subfield>
  </datafield>
  <datafield tag="040" ind1=" " ind2=" ">
    <subfield code="a">DLC</subfield>
    <subfield code="c">DLC</subfield>
    <subfield code="d">DLC</subfield>
  </datafield>
  <datafield tag="042" ind1=" " ind2=" ">
    <subfield code="a">pcc</subfield>
  </datafield>
  <datafield tag="050" ind1="0" ind2="0">
    <subfield code="a">K5001</subfield>
    <subfield code="b">.M43 2012</subfield>
  </datafield>
  <datafield tag="082" ind1="0" ind2="0">
    <subfield code="a">340/.112</subfield>
    <subfield code="2">23</subfield>
  </datafield>
  <datafield tag="084" ind1=" " ind2=" ">
    <subfield code="a">LAW000000</subfield>
    <subfield code="2">bisacsh</subfield>
  </datafield>
  <datafield tag="245" ind1="0" ind2="0">
    <subfield code="a">Merciful judgments and contemporary society :</subfield>
    <subfield code="b">legal problems, legal possibilities /</subfield>
    <subfield code="c">edited by Austin Sarat.</subfield>
  </datafield>
  <datafield tag="260" ind1=" " ind2=" ">
    <subfield code="a">Cambridge ;</subfield>
    <subfield code="a">New York :</subfield>
    <subfield code="b">Cambridge University Press,</subfield>
    <subfield code="c">2012.</subfield>
  </datafield>
  <datafield tag="300" ind1=" " ind2=" ">
    <subfield code="a">xii, 309 p. ;</subfield>
    <subfield code="c">24 cm.</subfield>
  </datafield>
  <datafield tag="520" ind1=" " ind2=" ">
    <subfield code="a">&quot;This book explores the tension between law&apos;s need for and dependence on merciful judgments and suspicions that regularly accompany them&quot;--</subfield>
    <subfield code="c">Provided by publisher.</subfield>
  </datafield>
  <datafield tag="520" ind1=" " ind2=" ">
    <subfield code="a">&quot;Merciful Judgments in Contemporary Society: Legal Problems/Legal Possibilities explores the tension between law&apos;s need for and dependence on merciful judgments and suspicions that regularly accompany them. Rather than focusing primarily on definitional questions or the longstanding debate about the moral worth and importance of mercy, this book focuses on mercy as a part of, and problem, for law. Whether one starts from a worry about rules and discretion, about the attitudes of citizens and their leaders, or ways to undo the past, merciful judgments challenge and perplex, just as they help to sustain, our legal system. Charting these possibilities and problems is the work that this book seeks to do. Here we ask what challenges merciful judgments pose for law? When and why do those judgments encourage and nurture legal ingenuity and resourcefulness? When and why do they precipitate crises and breakdowns in legal authority? This book is a product of The University of Alabama School of Law symposia series on &quot;Law, Knowledge &amp; Imagination.&quot; This series explores the ways law is known and imagined in a diverse array of disciplines, including political science, history, cultural studies, philosophy, and science. In addition, books produced through the Alabama symposia explore various conjunctions of law, knowledge, and imagination as they play out in debates about theory and policy and speak to venerable questions as well as contemporary issues&quot;--</subfield>
    <subfield code="c">Provided by publisher.</subfield>
  </datafield>
  <datafield tag="504" ind1=" " ind2=" ">
    <subfield code="a">Includes bibliographical references and index.</subfield>
  </datafield>
  <datafield tag="505" ind1="0" ind2="0">
    <subfield code="a">When can or should legal judgment be merciful? / Austin Sarat -- The place of mercy in legal discourse / Robert A. Ferguson -- Commentary on Chapter 1 : response to &quot;The place of mercy in legal discourse&quot; / Jamie Leonard -- Mercy, crime control, and moral credibility / Paul H. Robinson -- Commentary on Chapter 2 : thoughts on mercy and self-examination / William Brewbaker -- Defending a role for mercy in a criminal justice system / James Staihar and Stephen Macedo -- Commentary on Chapter 3 : commentary on &quot;Defending a role for mercy in a criminal justice system&quot; / Pamela Pierson -- Actions of mercy / Alice Ristroph -- Commentary on Chapter 4 : Reflections on &quot;Actions of mercy&quot; / Steven H. Hobbs -- A Feminist view of mercy, judgment, and the &quot;Exception&quot; in the context of transitional justice / Susan H. Williams -- Commentary on Chapter 5 : the interpretative process : feminist reconstructions / Timothy Hoff.</subfield>
  </datafield>
  <datafield tag="650" ind1=" " ind2="0">
    <subfield code="a">Criminal justice, Administration of</subfield>
    <subfield code="x">Moral and ethical aspects.</subfield>
  </datafield>
  <datafield tag="650" ind1=" " ind2="0">
    <subfield code="a">Law and ethics.</subfield>
  </datafield>
  <datafield tag="650" ind1=" " ind2="0">
    <subfield code="a">Transitional justice.</subfield>
  </datafield>
  <datafield tag="650" ind1=" " ind2="7">
    <subfield code="a">LAW / General</subfield>
    <subfield code="2">bisacsh.</subfield>
  </datafield>
  <datafield tag="700" ind1="1" ind2=" ">
    <subfield code="a">Sarat, Austin.</subfield>
  </datafield>
</record>