
<record>
  <leader>01917cam a2200277 a 4500</leader>
  <controlfield tag="001">17031582</controlfield>
  <controlfield tag="005">20200103150023.0</controlfield>
  <controlfield tag="008">111102s2012    vtu      b    001 0 eng  </controlfield>
  <datafield tag="906" ind1=" " ind2=" ">
    <subfield code="a">7</subfield>
    <subfield code="b">cbc</subfield>
    <subfield code="c">orignew</subfield>
    <subfield code="d">1</subfield>
    <subfield code="e">ecip</subfield>
    <subfield code="f">20</subfield>
    <subfield code="g">y-gencatlg</subfield>
  </datafield>
  <datafield tag="925" ind1="0" ind2=" ">
    <subfield code="a">acquire</subfield>
    <subfield code="b">1 shelf copy</subfield>
    <subfield code="x">policy default</subfield>
  </datafield>
  <datafield tag="955" ind1=" " ind2=" ">
    <subfield code="b">xg10 2011-11-02</subfield>
    <subfield code="i">xg10 2011-11-02 (Telework);</subfield>
    <subfield code="a">xg10 2011-11-03 to xg08 for review</subfield>
    <subfield code="a">xg08 2011-11-03 (rev)</subfield>
    <subfield code="a">xg10 2011-11-03 to Dewey</subfield>
    <subfield code="w">rd01 2011-11-07</subfield>
    <subfield code="a">xg13 2013-01-24 1 copy rec&apos;d., to CIP ver.</subfield>
    <subfield code="f">xg16 2013-01-29 to LL</subfield>
    <subfield code="d">xg08 2013-01-30 (to PSD)</subfield>
    <subfield code="t">xg13 2013-03-19 copy 2 to LL</subfield>
    <subfield code="e">tc14 2013-04-30 to LL</subfield>
  </datafield>
  <datafield tag="010" ind1=" " ind2=" ">
    <subfield code="a">  2011045507</subfield>
  </datafield>
  <datafield tag="020" ind1=" " ind2=" ">
    <subfield code="a">9781409443469 (hbk. : alk. paper)</subfield>
  </datafield>
  <datafield tag="020" ind1=" " ind2=" ">
    <subfield code="a">9781409443476 (ebook)</subfield>
  </datafield>
  <datafield tag="040" ind1=" " ind2=" ">
    <subfield code="a">DLC</subfield>
    <subfield code="c">DLC</subfield>
    <subfield code="d">DLC</subfield>
  </datafield>
  <datafield tag="042" ind1=" " ind2=" ">
    <subfield code="a">pcc</subfield>
  </datafield>
  <datafield tag="050" ind1="0" ind2="0">
    <subfield code="a">K1089</subfield>
    <subfield code="b">.M836 2012</subfield>
  </datafield>
  <datafield tag="082" ind1="0" ind2="0">
    <subfield code="a">345/.0268</subfield>
    <subfield code="2">23</subfield>
  </datafield>
  <datafield tag="100" ind1="1" ind2=" ">
    <subfield code="a">Mugarura, Norman.</subfield>
  </datafield>
  <datafield tag="245" ind1="1" ind2="4">
    <subfield code="a">The global anti-money laundering regulatory landscape in less developed countries /</subfield>
    <subfield code="c">Norman Mugarura.</subfield>
  </datafield>
  <datafield tag="260" ind1=" " ind2=" ">
    <subfield code="a">Farnham, Surrey, England ;</subfield>
    <subfield code="a">Burlington, VT :</subfield>
    <subfield code="b">Ashgate,</subfield>
    <subfield code="c">c2012.</subfield>
  </datafield>
  <datafield tag="300" ind1=" " ind2=" ">
    <subfield code="a">xii, 320 p. ;</subfield>
    <subfield code="c">24 cm.</subfield>
  </datafield>
  <datafield tag="504" ind1=" " ind2=" ">
    <subfield code="a">Includes bibliographical references (p. [307]-313) and index.</subfield>
  </datafield>
  <datafield tag="505" ind1="0" ind2=" ">
    <subfield code="a">The conceptualisation of money laundering offences and typologies -- The dynamics of globalisation and money laundering -- The global anti-money laundering/countering the financing of terrorism framework  -- The evolution of a global Anti-Money Laundering paradigm -- Corruption and the domestication of global anti-money laundering schemes -- Challenges to localisation of Global anti-money laundering standards in less developed economies -- Harmonisation of global anti-money laundering laws -- The proposed reforms to transpose Global anti-money laundering regimes into some countries -- A grimpse into law and global markets -- Conclusion.</subfield>
  </datafield>
  <datafield tag="650" ind1=" " ind2="0">
    <subfield code="a">Money laundering</subfield>
    <subfield code="z">Developing countries.</subfield>
  </datafield>
  <datafield tag="650" ind1=" " ind2="0">
    <subfield code="a">Money laundering</subfield>
    <subfield code="x">Prevention</subfield>
    <subfield code="x">International cooperation.</subfield>
  </datafield>
</record>