
<record>
  <leader>03281ckm a22005177a 4500</leader>
  <controlfield tag="001">17086980</controlfield>
  <controlfield tag="005">20200103091900.0</controlfield>
  <controlfield tag="007">kd bo </controlfield>
  <controlfield tag="007">cr |||||||||||</controlfield>
  <controlfield tag="008">111216e19620403xxunnn            kneng  </controlfield>
  <datafield tag="906" ind1=" " ind2=" ">
    <subfield code="a">7</subfield>
    <subfield code="b">cbc</subfield>
    <subfield code="c">orignew</subfield>
    <subfield code="d">u</subfield>
    <subfield code="e">ncip</subfield>
    <subfield code="f">20</subfield>
    <subfield code="g">y-printpho</subfield>
  </datafield>
  <datafield tag="955" ind1=" " ind2=" ">
    <subfield code="a">qw44 2011-12n</subfield>
  </datafield>
  <datafield tag="010" ind1=" " ind2=" ">
    <subfield code="a">  2011661780</subfield>
  </datafield>
  <datafield tag="037" ind1=" " ind2=" ">
    <subfield code="a">LC-DIG-hlb-05571</subfield>
    <subfield code="b">DLC</subfield>
    <subfield code="c">(digital file from original drawing)</subfield>
  </datafield>
  <datafield tag="040" ind1=" " ind2=" ">
    <subfield code="a">DLC</subfield>
    <subfield code="c">DLC</subfield>
    <subfield code="d">DLC</subfield>
    <subfield code="e">gihc</subfield>
  </datafield>
  <datafield tag="050" ind1="0" ind2="0">
    <subfield code="a">BLOCK,</subfield>
    <subfield code="b">no. 5571</subfield>
  </datafield>
  <datafield tag="100" ind1="1" ind2=" ">
    <subfield code="a">Block, Herbert,</subfield>
    <subfield code="d">1909-2001,</subfield>
    <subfield code="e">artist.</subfield>
  </datafield>
  <datafield tag="245" ind1="1" ind2="0">
    <subfield code="a">&quot;Just a few more shots and then we can go on the wagon again&quot;</subfield>
    <subfield code="h">[graphic] /</subfield>
    <subfield code="c">Herblock.</subfield>
  </datafield>
  <datafield tag="260" ind1=" " ind2=" ">
    <subfield code="c">1962 April 3.</subfield>
  </datafield>
  <datafield tag="300" ind1=" " ind2=" ">
    <subfield code="a">1 drawing :</subfield>
    <subfield code="b">ink brush and graphite with opaque white over graphite underdrawing ;</subfield>
    <subfield code="c">57.5 x 36.4 cm (sheet)</subfield>
  </datafield>
  <datafield tag="520" ind1="0" ind2=" ">
    <subfield code="a">Editorial cartoon shows Soviet Premier Nikita Khrushchev and President John F. Kennedy in a barroom where they have been drinking rounds of an alcoholic beverage labeled &quot;Old Warhead Hi-Test&quot; showing an atomic explosion on the label; across the street from the barroom is a building labeled &quot;Atoms Anonymous&quot;.</subfield>
  </datafield>
  <datafield tag="500" ind1=" " ind2=" ">
    <subfield code="a">Caption label from exhibit &quot;Herblock Looks at 1962&quot;: In this cartoon, Herblock alludes to the Geneva disarmament negotiations, which stalled in March 1962. As the United States resumed atmospheric testing of nuclear weapons in response to the Soviet&apos;s nuclear testing in the fall of 1961, the Soviet Union declared that they would test yet more weapons. Here, Herblock likens nuclear testing to alcoholism, with a drunken Soviet premier, Nikita Khrushchev, offering another round to President John F. Kennedy, who also appears to have over imbibed.</subfield>
  </datafield>
  <datafield tag="540" ind1=" " ind2=" ">
    <subfield code="a">Publication may be restricted. For information see &quot;Herbert Block (&quot;Herblock&quot;) Rights and Restrictions,&quot;</subfield>
    <subfield code="u">http://www.loc.gov/rr/print/res/271_herb.html</subfield>
  </datafield>
  <datafield tag="500" ind1=" " ind2=" ">
    <subfield code="a">Title from item.</subfield>
  </datafield>
  <datafield tag="500" ind1=" " ind2=" ">
    <subfield code="a">Signed &quot;Herblock&quot; lower left.</subfield>
  </datafield>
  <datafield tag="500" ind1=" " ind2=" ">
    <subfield code="a">Published in the Washington Post, April 3, 1962.</subfield>
  </datafield>
  <datafield tag="500" ind1=" " ind2=" ">
    <subfield code="a">Copyright, 1962, The Washington Post Co.</subfield>
  </datafield>
  <datafield tag="580" ind1=" " ind2=" ">
    <subfield code="a">Forms part of: Herbert L. Block Collection (Library of Congress).</subfield>
  </datafield>
  <datafield tag="585" ind1=" " ind2=" ">
    <subfield code="a">Exhibited: &quot;Herblock Looks at 1962 : Fifty Years Ago Today in Editorial Cartoons&quot; at the Library of Congress, Washington, D.C., 2012.</subfield>
  </datafield>
  <datafield tag="600" ind1="1" ind2="0">
    <subfield code="a">Kennedy, John F.</subfield>
    <subfield code="q">(John Fitzgerald),</subfield>
    <subfield code="d">1917-1963.</subfield>
  </datafield>
  <datafield tag="600" ind1="1" ind2="0">
    <subfield code="a">Khrushchev, Nikita Sergeevich,</subfield>
    <subfield code="d">1894-1971.</subfield>
  </datafield>
  <datafield tag="650" ind1=" " ind2="4">
    <subfield code="a">Cold War</subfield>
    <subfield code="y">1960-1970.</subfield>
  </datafield>
  <datafield tag="650" ind1=" " ind2="7">
    <subfield code="a">Atomic bombs</subfield>
    <subfield code="y">1960-1970.</subfield>
    <subfield code="2">lctgm</subfield>
  </datafield>
  <datafield tag="650" ind1=" " ind2="7">
    <subfield code="a">Nuclear weapons testing</subfield>
    <subfield code="y">1960-1970.</subfield>
    <subfield code="2">lctgm</subfield>
  </datafield>
  <datafield tag="650" ind1=" " ind2="7">
    <subfield code="a">Intoxication</subfield>
    <subfield code="y">1960-1970.</subfield>
    <subfield code="2">lctgm</subfield>
  </datafield>
  <datafield tag="650" ind1=" " ind2="7">
    <subfield code="a">Alcoholic beverages</subfield>
    <subfield code="y">1960-1970.</subfield>
    <subfield code="2">lctgm</subfield>
  </datafield>
  <datafield tag="650" ind1=" " ind2="7">
    <subfield code="a">Eating &amp; drinking</subfield>
    <subfield code="y">1960-1970.</subfield>
    <subfield code="2">lctgm</subfield>
  </datafield>
  <datafield tag="650" ind1=" " ind2="7">
    <subfield code="a">Barrooms</subfield>
    <subfield code="y">1960-1970.</subfield>
    <subfield code="2">lctgm</subfield>
  </datafield>
  <datafield tag="655" ind1=" " ind2="7">
    <subfield code="a">Editorial cartoons</subfield>
    <subfield code="x">American</subfield>
    <subfield code="y">1960-1970.</subfield>
    <subfield code="2">gmgpc</subfield>
  </datafield>
  <datafield tag="655" ind1=" " ind2="7">
    <subfield code="a">Ink drawings</subfield>
    <subfield code="x">American</subfield>
    <subfield code="y">1960-1970.</subfield>
    <subfield code="2">gmgpc</subfield>
  </datafield>
  <datafield tag="773" ind1="0" ind2=" ">
    <subfield code="a">Block, Herbert, 1909-2001.</subfield>
    <subfield code="t">Herbert L. Block collection (Library of Congress)</subfield>
    <subfield code="w">(DLC)  2009632507</subfield>
  </datafield>
  <datafield tag="852" ind1=" " ind2=" ">
    <subfield code="a">Library of Congress</subfield>
    <subfield code="b">Prints and Photographs Division</subfield>
    <subfield code="e">Washington, D.C. 20540 USA</subfield>
    <subfield code="n">dcu</subfield>
    <subfield code="u">http://hdl.loc.gov/loc.pnp/pp.print</subfield>
  </datafield>
  <datafield tag="856" ind1="4" ind2="1">
    <subfield code="3">digital file from original drawing</subfield>
    <subfield code="d">hlb</subfield>
    <subfield code="f">05571</subfield>
    <subfield code="q">p</subfield>
    <subfield code="u">http://hdl.loc.gov/loc.pnp/hlb.05571</subfield>
  </datafield>
  <datafield tag="985" ind1=" " ind2=" ">
    <subfield code="a">pp/hlb</subfield>
  </datafield>
  <datafield tag="985" ind1=" " ind2=" ">
    <subfield code="a">pp/exh</subfield>
    <subfield code="e">L4822-3 #007.02.00</subfield>
  </datafield>
  <datafield tag="991" ind1=" " ind2=" ">
    <subfield code="b">c-P&amp;P</subfield>
    <subfield code="m">(BB size)</subfield>
  </datafield>
</record>