
<record>
  <leader>02345cam a22004577a 4500</leader>
  <controlfield tag="001">17111861</controlfield>
  <controlfield tag="005">20200103073316.0</controlfield>
  <controlfield tag="008">111128s2011    it a     bc   001 0 eng d</controlfield>
  <datafield tag="906" ind1=" " ind2=" ">
    <subfield code="a">7</subfield>
    <subfield code="b">cbc</subfield>
    <subfield code="c">copycat</subfield>
    <subfield code="d">3</subfield>
    <subfield code="e">ncip</subfield>
    <subfield code="f">20</subfield>
    <subfield code="g">y-gencatlg</subfield>
  </datafield>
  <datafield tag="925" ind1="0" ind2=" ">
    <subfield code="a">acquire</subfield>
    <subfield code="b">1 shelf copy</subfield>
    <subfield code="x">policy default</subfield>
  </datafield>
  <datafield tag="955" ind1=" " ind2=" ">
    <subfield code="b">BD25 2012-01-24</subfield>
    <subfield code="a">bd26 2012-01-31</subfield>
  </datafield>
  <datafield tag="955" ind1=" " ind2=" ">
    <subfield code="b">bd11 2012-02-06 z-processor</subfield>
    <subfield code="i">bd11 2012-02-06</subfield>
    <subfield code="e">bd06 2012-02-10 to BCCD</subfield>
  </datafield>
  <datafield tag="010" ind1=" " ind2=" ">
    <subfield code="a">  2011531693</subfield>
  </datafield>
  <datafield tag="020" ind1=" " ind2=" ">
    <subfield code="a">9788809767645 (pbk.)</subfield>
  </datafield>
  <datafield tag="020" ind1=" " ind2=" ">
    <subfield code="a">8809767640 (pbk.)</subfield>
  </datafield>
  <datafield tag="035" ind1=" " ind2=" ">
    <subfield code="a">(OCoLC)ocn756038855</subfield>
  </datafield>
  <datafield tag="040" ind1=" " ind2=" ">
    <subfield code="a">JHE</subfield>
    <subfield code="c">JHE</subfield>
    <subfield code="d">C3L</subfield>
    <subfield code="d">OCLCQ</subfield>
    <subfield code="d">ERASA</subfield>
    <subfield code="d">ZCU</subfield>
    <subfield code="d">COD</subfield>
    <subfield code="d">UKMGB</subfield>
    <subfield code="d">DLC</subfield>
  </datafield>
  <datafield tag="042" ind1=" " ind2=" ">
    <subfield code="a">lccopycat</subfield>
  </datafield>
  <datafield tag="043" ind1=" " ind2=" ">
    <subfield code="a">e-it---</subfield>
  </datafield>
  <datafield tag="050" ind1="0" ind2="0">
    <subfield code="a">N6921.F7</subfield>
    <subfield code="b">M66 2011</subfield>
  </datafield>
  <datafield tag="245" ind1="0" ind2="0">
    <subfield code="a">Money and beauty :</subfield>
    <subfield code="b">bankers, Botticelli and the bonfire of the vanities /</subfield>
    <subfield code="c">edited by Ludovica Sebregondi and Tim Parks.</subfield>
  </datafield>
  <datafield tag="246" ind1="3" ind2="0">
    <subfield code="a">Bankers, Botticelli and the bonfire of the vanities</subfield>
  </datafield>
  <datafield tag="250" ind1=" " ind2=" ">
    <subfield code="a">1. ed.</subfield>
  </datafield>
  <datafield tag="260" ind1=" " ind2=" ">
    <subfield code="a">Firenze :</subfield>
    <subfield code="b">Giunti :</subfield>
    <subfield code="b">Fondazione Palazzo Strozzi,</subfield>
    <subfield code="c">2011.</subfield>
  </datafield>
  <datafield tag="300" ind1=" " ind2=" ">
    <subfield code="a">287 p. :</subfield>
    <subfield code="b">ill. (chiefly col.) ;</subfield>
    <subfield code="c">27 cm.</subfield>
  </datafield>
  <datafield tag="490" ind1="1" ind2=" ">
    <subfield code="a">Gamm, Giunti arte mostre musei</subfield>
  </datafield>
  <datafield tag="500" ind1=" " ind2=" ">
    <subfield code="a">Catalog of an exhibition held in Florence, Palazzo Strozzi, 17 September 2011-22 January 2012.</subfield>
  </datafield>
  <datafield tag="500" ind1=" " ind2=" ">
    <subfield code="a">&quot;Through the masterpieces of Botticelli, Filippo Lippi, Fra Angelico and Antonio del Pollaiolo, the exhibition documents the rise of the first Florentine bankers at the dawn of the Renaissance and the meshing of their financial and political power with civil society; a splendid period of cultural exchange and commercial development that would be interrupted by the new climate of severity introduced by Savonarola&apos;s sermons.&quot;--P. 11.</subfield>
  </datafield>
  <datafield tag="504" ind1=" " ind2=" ">
    <subfield code="a">Includes bibliographical references (p. 263-281) and index.</subfield>
  </datafield>
  <datafield tag="600" ind1="1" ind2="0">
    <subfield code="a">Savonarola, Girolamo,</subfield>
    <subfield code="d">1452-1498</subfield>
    <subfield code="v">Exhibitions.</subfield>
  </datafield>
  <datafield tag="650" ind1=" " ind2="0">
    <subfield code="a">Art</subfield>
    <subfield code="z">Italy</subfield>
    <subfield code="z">Florence</subfield>
    <subfield code="v">Exhibitions.</subfield>
  </datafield>
  <datafield tag="650" ind1=" " ind2="0">
    <subfield code="a">Bankers</subfield>
    <subfield code="z">Italy</subfield>
    <subfield code="z">Florence</subfield>
    <subfield code="x">Art patronage</subfield>
    <subfield code="v">Exhibitions.</subfield>
  </datafield>
  <datafield tag="650" ind1=" " ind2="0">
    <subfield code="a">Christian art and symbolism</subfield>
    <subfield code="z">Italy</subfield>
    <subfield code="z">Florence</subfield>
    <subfield code="v">Exhibitions.</subfield>
  </datafield>
  <datafield tag="650" ind1=" " ind2="0">
    <subfield code="a">Church decoration and ornament</subfield>
    <subfield code="z">Italy</subfield>
    <subfield code="z">Florence</subfield>
    <subfield code="v">Exhibitions.</subfield>
  </datafield>
  <datafield tag="610" ind1="2" ind2="0">
    <subfield code="a">Palazzo Strozzi (Florence, Italy)</subfield>
  </datafield>
  <datafield tag="700" ind1="1" ind2=" ">
    <subfield code="a">Sebregondi, Ludovica.</subfield>
  </datafield>
  <datafield tag="700" ind1="1" ind2=" ">
    <subfield code="a">Parks, Tim.</subfield>
  </datafield>
  <datafield tag="830" ind1=" " ind2="0">
    <subfield code="a">Gamm, Giunti arte mostre musei.</subfield>
  </datafield>
  <datafield tag="856" ind1="4" ind2="2">
    <subfield code="u">http://www.ilibri.casalini.it/toc/11952245.pdf</subfield>
    <subfield code="3">TOC</subfield>
  </datafield>
  <datafield tag="923" ind1=" " ind2=" ">
    <subfield code="d">20111123</subfield>
    <subfield code="n">11-66011</subfield>
    <subfield code="s">93001782</subfield>
  </datafield>
  <datafield tag="985" ind1=" " ind2=" ">
    <subfield code="e">VENDOR LOAD</subfield>
  </datafield>
</record>