
<record>
  <leader>02960ccm a2200409 a 4500</leader>
  <controlfield tag="001">17152889</controlfield>
  <controlfield tag="005">20200103134205.0</controlfield>
  <controlfield tag="008">120207s2011    nyumua|        n  | zxx d</controlfield>
  <datafield tag="906" ind1=" " ind2=" ">
    <subfield code="a">7</subfield>
    <subfield code="b">cbc</subfield>
    <subfield code="c">copycat</subfield>
    <subfield code="d">2</subfield>
    <subfield code="e">ncip</subfield>
    <subfield code="f">20</subfield>
    <subfield code="g">y-genmusic</subfield>
  </datafield>
  <datafield tag="925" ind1="0" ind2=" ">
    <subfield code="a">acquire</subfield>
    <subfield code="b">1 shelf copy</subfield>
    <subfield code="x">policy default</subfield>
  </datafield>
  <datafield tag="955" ind1=" " ind2=" ">
    <subfield code="a">vl34 2012-02-07 z-client</subfield>
    <subfield code="i">vl34 2012-02-07</subfield>
    <subfield code="e">vl34 2012-02-07 SR to MBRS for shelf label</subfield>
    <subfield code="a">vk79 2012-02-08 auth subj</subfield>
    <subfield code="e">vl34 2012-02-09 to Music Division</subfield>
    <subfield code="e">vl39 2012-02-11 to BCCD c.1</subfield>
    <subfield code="e">vl34 2012-06-05 to Music Division</subfield>
    <subfield code="t">vl34 2012-06-05 copy 2 to MBRS for shelf label</subfield>
    <subfield code="e">vl39 2012-06-08 to BCCD c.2</subfield>
  </datafield>
  <datafield tag="010" ind1=" " ind2=" ">
    <subfield code="a">  2012560116</subfield>
  </datafield>
  <datafield tag="020" ind1=" " ind2=" ">
    <subfield code="a">9781617806094</subfield>
  </datafield>
  <datafield tag="020" ind1=" " ind2=" ">
    <subfield code="a">1617806099</subfield>
  </datafield>
  <datafield tag="024" ind1="1" ind2=" ">
    <subfield code="a">884088555535</subfield>
  </datafield>
  <datafield tag="028" ind1="3" ind2="2">
    <subfield code="a">ED2307-B</subfield>
    <subfield code="b">G. Schirmer</subfield>
  </datafield>
  <datafield tag="028" ind1="3" ind2="2">
    <subfield code="a">HL50490424</subfield>
    <subfield code="b">Hal Leonard</subfield>
  </datafield>
  <datafield tag="028" ind1="0" ind2="2">
    <subfield code="a">CD#63014554</subfield>
    <subfield code="b">Hal Leonard</subfield>
  </datafield>
  <datafield tag="028" ind1="0" ind2="2">
    <subfield code="a">63014554</subfield>
    <subfield code="b">Hal Leonard</subfield>
  </datafield>
  <datafield tag="035" ind1=" " ind2=" ">
    <subfield code="a">(OCoLC)ocn748937777</subfield>
  </datafield>
  <datafield tag="040" ind1=" " ind2=" ">
    <subfield code="a">TDF</subfield>
    <subfield code="c">TDF</subfield>
    <subfield code="d">CPL</subfield>
    <subfield code="d">DLC</subfield>
  </datafield>
  <datafield tag="042" ind1=" " ind2=" ">
    <subfield code="a">lccopycat</subfield>
  </datafield>
  <datafield tag="047" ind1=" " ind2=" ">
    <subfield code="a">vr</subfield>
    <subfield code="a">cl</subfield>
    <subfield code="a">mi</subfield>
    <subfield code="a">df</subfield>
    <subfield code="a">mr</subfield>
    <subfield code="a">fm</subfield>
  </datafield>
  <datafield tag="048" ind1=" " ind2=" ">
    <subfield code="a">sb01</subfield>
    <subfield code="a">ka01</subfield>
  </datafield>
  <datafield tag="050" ind1="0" ind2="0">
    <subfield code="a">M227</subfield>
    <subfield code="b">.S65 2011</subfield>
  </datafield>
  <datafield tag="245" ind1="0" ind2="0">
    <subfield code="a">Solos for the viola player :</subfield>
    <subfield code="b">with piano accompaniment /</subfield>
    <subfield code="c">selected and edited by Paul Doktor.</subfield>
  </datafield>
  <datafield tag="260" ind1=" " ind2=" ">
    <subfield code="a">New York, NY :</subfield>
    <subfield code="b">G. Schirmer ;</subfield>
    <subfield code="a">Milwaukee, WI :</subfield>
    <subfield code="b">Distributed by Hal Leonard,</subfield>
    <subfield code="c">c2011.</subfield>
  </datafield>
  <datafield tag="300" ind1=" " ind2=" ">
    <subfield code="a">1 score (49 p.) + 1 part (20 p.) +</subfield>
    <subfield code="e">1 sound disc (digital ; 4 3/4 in.)</subfield>
  </datafield>
  <datafield tag="500" ind1=" " ind2=" ">
    <subfield code="a">Arrangements.</subfield>
  </datafield>
  <datafield tag="500" ind1=" " ind2=" ">
    <subfield code="a">Accompanying enhanced CD comprises recorded piano accompaniments (Stefanie Jacob, Laura Ward, piano); playable on regular CD player and computer; includes tempo adjustment and transposition software (the Amazing Slow Downer).</subfield>
  </datafield>
  <datafield tag="538" ind1=" " ind2=" ">
    <subfield code="a">System requirements: Windows: Pentium processor; Windows XP, Vista, or 7; 8 MB application RAM; 8x multi-session CD-ROM drive; Macintosh: Power Macintosh or Intel processor; Mac OS X 10.4 or higher; 8 MB application RAM; 8x multi-session CD-ROM drive.</subfield>
  </datafield>
  <datafield tag="505" ind1="0" ind2="0">
    <subfield code="g">Tema con variazioni :</subfield>
    <subfield code="t">Couplets des folies d&apos;Espagne /</subfield>
    <subfield code="r">Marin Marais --</subfield>
    <subfield code="g">Choralprelude :</subfield>
    <subfield code="t">O Mensch bewein dein Sünde gross /</subfield>
    <subfield code="r">Johann Sebastian Bach --</subfield>
    <subfield code="t">Menuetto /</subfield>
    <subfield code="r">George Frideric Handel --</subfield>
    <subfield code="t">Allegretto grazioso /</subfield>
    <subfield code="r">Carl Philipp Emanuel Bach --</subfield>
    <subfield code="t">Tambourin /</subfield>
    <subfield code="r">Louis de Caix d&apos;Hervelois --</subfield>
    <subfield code="t">Andante from Violin-viola duo no. 2 /</subfield>
    <subfield code="r">Wolfgang Amadeus Mozart --</subfield>
    <subfield code="t">German dance =</subfield>
    <subfield code="t">Ländler /</subfield>
    <subfield code="r">Carl Ditters von Dittersdorf --</subfield>
    <subfield code="t">Romance /</subfield>
    <subfield code="r">Etienne-Nicolas Méhul --</subfield>
    <subfield code="t">March from Notturno, op. 42 /</subfield>
    <subfield code="r">Ludwig van Beethoven --</subfield>
    <subfield code="t">Adagio from Arpeggione sonata /</subfield>
    <subfield code="r">Franz Schubert --</subfield>
    <subfield code="t">Von ewiger Liebe =</subfield>
    <subfield code="t">Love is forever : op. 43, no. 1 /</subfield>
    <subfield code="r">Johannes Brahms --</subfield>
    <subfield code="t">Verborgenheit =</subfield>
    <subfield code="t">Renunciation /</subfield>
    <subfield code="r">Hugo Wolf --</subfield>
    <subfield code="t">I&apos;m just a-goin&apos; over Jordan : American spiritual ;</subfield>
    <subfield code="t">Were you there? : American spiritual --</subfield>
    <subfield code="t">Shenandoah : American folksong --</subfield>
    <subfield code="t">Boston fancy : hornpipe : American folk dance.</subfield>
  </datafield>
  <datafield tag="650" ind1=" " ind2="0">
    <subfield code="a">Viola and piano music, Arranged</subfield>
    <subfield code="v">Scores and parts.</subfield>
  </datafield>
  <datafield tag="650" ind1=" " ind2="0">
    <subfield code="a">Recorded accompaniments (Viola)</subfield>
  </datafield>
  <datafield tag="700" ind1="1" ind2=" ">
    <subfield code="a">Doktor, Paul.</subfield>
    <subfield code="4">edt</subfield>
  </datafield>
  <datafield tag="700" ind1="1" ind2=" ">
    <subfield code="a">Jacob, Stefanie.</subfield>
    <subfield code="4">prf</subfield>
  </datafield>
  <datafield tag="700" ind1="1" ind2=" ">
    <subfield code="a">Ward, Laura</subfield>
    <subfield code="c">(Pianist)</subfield>
    <subfield code="4">prf</subfield>
  </datafield>
</record>