
<record>
  <leader>02363ccm a2200373 a 4500</leader>
  <controlfield tag="001">17214178</controlfield>
  <controlfield tag="005">20200103160134.0</controlfield>
  <controlfield tag="008">120316s2008    ohuuuz|  bcehi n  | zxx d</controlfield>
  <datafield tag="906" ind1=" " ind2=" ">
    <subfield code="a">7</subfield>
    <subfield code="b">cbc</subfield>
    <subfield code="c">copycat</subfield>
    <subfield code="d">2</subfield>
    <subfield code="e">ncip</subfield>
    <subfield code="f">20</subfield>
    <subfield code="g">y-genmusic</subfield>
  </datafield>
  <datafield tag="925" ind1="0" ind2=" ">
    <subfield code="a">acquire</subfield>
    <subfield code="b">1 shelf copy</subfield>
    <subfield code="x">policy default</subfield>
  </datafield>
  <datafield tag="955" ind1=" " ind2=" ">
    <subfield code="a">vk03 2012-03-16 z-client</subfield>
    <subfield code="i">vk03 2012-03-16</subfield>
    <subfield code="e">vk05 2012-03-19 to Music Division 2 copies</subfield>
    <subfield code="e">vl39 2012-03-29 to BCCD 2 copies</subfield>
  </datafield>
  <datafield tag="010" ind1=" " ind2=" ">
    <subfield code="a">  2012562317</subfield>
  </datafield>
  <datafield tag="020" ind1=" " ind2=" ">
    <subfield code="z">093618685X</subfield>
  </datafield>
  <datafield tag="028" ind1="2" ind2="2">
    <subfield code="a">PWYS-90</subfield>
    <subfield code="b">Editions Orphée</subfield>
  </datafield>
  <datafield tag="028" ind1="3" ind2="0">
    <subfield code="a">494-02824</subfield>
    <subfield code="b">Theodore Presser</subfield>
  </datafield>
  <datafield tag="035" ind1=" " ind2=" ">
    <subfield code="a">(OCoLC)ocn264735248</subfield>
  </datafield>
  <datafield tag="035" ind1=" " ind2=" ">
    <subfield code="a">(OCoLC)264735248</subfield>
  </datafield>
  <datafield tag="040" ind1=" " ind2=" ">
    <subfield code="a">INT</subfield>
    <subfield code="c">INT</subfield>
    <subfield code="d">NYP</subfield>
    <subfield code="d">DLC</subfield>
  </datafield>
  <datafield tag="041" ind1="0" ind2=" ">
    <subfield code="g">eng</subfield>
  </datafield>
  <datafield tag="042" ind1=" " ind2=" ">
    <subfield code="a">lccopycat</subfield>
  </datafield>
  <datafield tag="048" ind1=" " ind2=" ">
    <subfield code="a">tb01</subfield>
  </datafield>
  <datafield tag="050" ind1="0" ind2="0">
    <subfield code="a">M125</subfield>
    <subfield code="b">.S45 2008</subfield>
  </datafield>
  <datafield tag="245" ind1="0" ind2="0">
    <subfield code="a">Selected concert works :</subfield>
    <subfield code="b">for the Russian 7-string guitar in G open tuning /</subfield>
    <subfield code="c">[edited by Matanya Ophee].</subfield>
  </datafield>
  <datafield tag="260" ind1=" " ind2=" ">
    <subfield code="a">Columbus, OH :</subfield>
    <subfield code="b">Editions Orphée ;</subfield>
    <subfield code="a">King of Prussia, PA :</subfield>
    <subfield code="b">Theodore Presser, sole selling agent,</subfield>
    <subfield code="c">c2008.</subfield>
  </datafield>
  <datafield tag="300" ind1=" " ind2=" ">
    <subfield code="a">iii p., 40 p. of music ;</subfield>
    <subfield code="c">31 cm.</subfield>
  </datafield>
  <datafield tag="490" ind1="1" ind2=" ">
    <subfield code="a">The Russian collection ;</subfield>
    <subfield code="v">v. 10</subfield>
  </datafield>
  <datafield tag="500" ind1=" " ind2=" ">
    <subfield code="a">Introduction in English.</subfield>
  </datafield>
  <datafield tag="500" ind1=" " ind2=" ">
    <subfield code="a">Cover title.</subfield>
  </datafield>
  <datafield tag="504" ind1=" " ind2=" ">
    <subfield code="a">Includes bibliographical references and thematic index.</subfield>
  </datafield>
  <datafield tag="505" ind1="0" ind2=" ">
    <subfield code="a">Cello suite no. 1, BWV-1007 / Johann Sebastian Bach ; arranged by Vasilii Yuryev -- Prelude : from the Moscow &apos;Weiss&apos; Manuscript, no. 39 / arranged by Matanya Ophee -- Courante : from the Moscow &apos;Weiss&apos; manuscript, no. 40 / arranged by Matanya Ophee -- Galanterie : from the Moscow &apos;Weiss&apos; manuscript, no. 30 / arranged by Matanya Ophee -- Oh, what is with you, my turtle-dove ; The fog has come in / Mkhail Vyssotsky -- Amidst the flat valley / Andrei Sychra -- Ah, today is a gloomy day : Russian lyric song / arranged by Vasilii Svarog and Arsenii Popov -- The youth and the maiden / Alexander Dargomyzhsky ; arranged by Vasilii Sarenko -- I walked among the flowers / attributed to Andrei Sychra -- Etude-fantasia / Fiodor Zimmerman -- Fantasia : on themes from the etudes of J.B. Cramer ; What have I done to upset you / Mikhail Vyssotsky -- Adagio on a theme by Sychra / Vladimir Morkov -- Troika variations / Sergei Orekhov -- Annunciazione : omaggio al Beato Angelico / Angelo Gilardino.</subfield>
  </datafield>
  <datafield tag="650" ind1=" " ind2="0">
    <subfield code="a">Guitar music.</subfield>
  </datafield>
  <datafield tag="650" ind1=" " ind2="0">
    <subfield code="a">Guitar music, Arranged.</subfield>
  </datafield>
  <datafield tag="700" ind1="1" ind2=" ">
    <subfield code="a">Ophee, Matanya.</subfield>
  </datafield>
  <datafield tag="830" ind1=" " ind2="0">
    <subfield code="a">Russian collection ;</subfield>
    <subfield code="v">v. 10.</subfield>
  </datafield>
</record>