
<record>
  <leader>01645cam a2200325 a 4500</leader>
  <controlfield tag="001">17229000</controlfield>
  <controlfield tag="005">20200103105747.0</controlfield>
  <controlfield tag="008">120328s2010    io       bl   000 0 ind  </controlfield>
  <datafield tag="906" ind1=" " ind2=" ">
    <subfield code="a">7</subfield>
    <subfield code="b">cbc</subfield>
    <subfield code="c">origcop</subfield>
    <subfield code="d">2</subfield>
    <subfield code="e">ncip</subfield>
    <subfield code="f">20</subfield>
    <subfield code="g">y-gencatlg</subfield>
  </datafield>
  <datafield tag="925" ind1="0" ind2=" ">
    <subfield code="a">acquire</subfield>
    <subfield code="b">1 shelf copy</subfield>
    <subfield code="x">policy default</subfield>
  </datafield>
  <datafield tag="955" ind1=" " ind2=" ">
    <subfield code="b">wj12 2012-03-28 z-processor</subfield>
    <subfield code="c">wj12 2012-03-28 to LL</subfield>
    <subfield code="d">xg10 2012-05-11 (Telework) to BCCD</subfield>
    <subfield code="d">xg14 2020-01-03 rev&apos;d</subfield>
  </datafield>
  <datafield tag="010" ind1=" " ind2=" ">
    <subfield code="a">  2011318670</subfield>
  </datafield>
  <datafield tag="020" ind1=" " ind2=" ">
    <subfield code="a">9789790073630</subfield>
  </datafield>
  <datafield tag="020" ind1=" " ind2=" ">
    <subfield code="a">9790073631</subfield>
  </datafield>
  <datafield tag="040" ind1=" " ind2=" ">
    <subfield code="a">DLC</subfield>
    <subfield code="c">DLC</subfield>
    <subfield code="d">DLC</subfield>
  </datafield>
  <datafield tag="042" ind1=" " ind2=" ">
    <subfield code="a">lcode</subfield>
    <subfield code="a">pcc</subfield>
  </datafield>
  <datafield tag="043" ind1=" " ind2=" ">
    <subfield code="a">a-io---</subfield>
  </datafield>
  <datafield tag="050" ind1="0" ind2="0">
    <subfield code="a">KNW4516</subfield>
    <subfield code="b">.D54 2010</subfield>
  </datafield>
  <datafield tag="100" ind1="1" ind2=" ">
    <subfield code="a">Djaja, Ermansjah,</subfield>
    <subfield code="d">1955-</subfield>
  </datafield>
  <datafield tag="245" ind1="1" ind2="0">
    <subfield code="a">Memberantas korupsi bersama KPK, Komisi Pemberantasan Korupsi :</subfield>
    <subfield code="b">kajian yuridis UURI nomor 31 tahun 1999 juncto UURI nomor 20 tahun 2001 versi UURI nomor 30 tahun 2002 juncto UURI nomor 46 tahun 2009 /</subfield>
    <subfield code="c">Ermansjah Djaja.</subfield>
  </datafield>
  <datafield tag="250" ind1=" " ind2=" ">
    <subfield code="a">Ed. 2.</subfield>
  </datafield>
  <datafield tag="260" ind1=" " ind2=" ">
    <subfield code="a">Jakarta :</subfield>
    <subfield code="b">Sinar Grafika,</subfield>
    <subfield code="c">2010.</subfield>
  </datafield>
  <datafield tag="300" ind1=" " ind2=" ">
    <subfield code="a">xix, 657 p. ;</subfield>
    <subfield code="c">23 cm.</subfield>
  </datafield>
  <datafield tag="520" ind1=" " ind2=" ">
    <subfield code="a">Role and position of the Indonesian Corruption Eradication Commission according to laws concerning strategy for combating corrupt practices in Indonesia.</subfield>
  </datafield>
  <datafield tag="500" ind1=" " ind2=" ">
    <subfield code="a">Includes the texts of: Undang-Undang Tentang Pemberantasan Tindak Pidana Korupsi (1999) and Undang-Undang Tentang Komisi Pemberantasan Tindak Pidana Korupsi.</subfield>
  </datafield>
  <datafield tag="504" ind1=" " ind2=" ">
    <subfield code="a">Includes bibliographical references (p. 477-489).</subfield>
  </datafield>
  <datafield tag="650" ind1=" " ind2="0">
    <subfield code="a">Political corruption</subfield>
    <subfield code="x">Law and legislation</subfield>
    <subfield code="z">Indonesia.</subfield>
  </datafield>
  <datafield tag="710" ind1="1" ind2="2">
    <subfield code="a">Indonesia.</subfield>
    <subfield code="t">Undang-Undang Tentang Pemberantasan Tindak Pidana Korupsi (1999)</subfield>
  </datafield>
  <datafield tag="710" ind1="1" ind2="2">
    <subfield code="a">Indonesia.</subfield>
    <subfield code="t">Undang-Undang Tentang Komisi Pemberantasan Tindak Pidana Korupsi.</subfield>
  </datafield>
  <datafield tag="985" ind1=" " ind2=" ">
    <subfield code="e">ODE-jk</subfield>
  </datafield>
</record>