
<record>
  <leader>02425cjm a2200517 a 4500</leader>
  <controlfield tag="001">17259389</controlfield>
  <controlfield tag="005">20200103123558.0</controlfield>
  <controlfield tag="007">sd bsmennmplue</controlfield>
  <controlfield tag="008">120417s1982    no sun|  i        | zxx d</controlfield>
  <datafield tag="906" ind1=" " ind2=" ">
    <subfield code="a">7</subfield>
    <subfield code="b">cbc</subfield>
    <subfield code="c">copycat</subfield>
    <subfield code="d">2</subfield>
    <subfield code="e">ncip</subfield>
    <subfield code="f">20</subfield>
    <subfield code="g">y-soundrec</subfield>
  </datafield>
  <datafield tag="925" ind1="0" ind2=" ">
    <subfield code="a">acquire</subfield>
    <subfield code="b">2 shelf copies</subfield>
    <subfield code="x">policy default</subfield>
  </datafield>
  <datafield tag="955" ind1=" " ind2=" ">
    <subfield code="a">qr12 2012-04-17 z-client</subfield>
    <subfield code="i">qr12 2012-04-17</subfield>
  </datafield>
  <datafield tag="010" ind1=" " ind2=" ">
    <subfield code="a">  2012618436</subfield>
  </datafield>
  <datafield tag="028" ind1="0" ind2="2">
    <subfield code="a">6529 074</subfield>
    <subfield code="b">Philips</subfield>
  </datafield>
  <datafield tag="033" ind1=" " ind2=" ">
    <subfield code="b">6944</subfield>
    <subfield code="c">B4</subfield>
  </datafield>
  <datafield tag="035" ind1=" " ind2=" ">
    <subfield code="a">(OCoLC)ocm28476371</subfield>
  </datafield>
  <datafield tag="040" ind1=" " ind2=" ">
    <subfield code="a">CIN</subfield>
    <subfield code="c">CIN</subfield>
    <subfield code="d">OCLCQ</subfield>
    <subfield code="d">OCLCG</subfield>
    <subfield code="d">DLC</subfield>
  </datafield>
  <datafield tag="041" ind1="0" ind2=" ">
    <subfield code="g">eng</subfield>
    <subfield code="g">nor</subfield>
    <subfield code="h">nor</subfield>
  </datafield>
  <datafield tag="042" ind1=" " ind2=" ">
    <subfield code="a">lccopycat</subfield>
  </datafield>
  <datafield tag="043" ind1=" " ind2=" ">
    <subfield code="a">e-no---</subfield>
  </datafield>
  <datafield tag="050" ind1="0" ind2="0">
    <subfield code="a">Philips 6529 074</subfield>
  </datafield>
  <datafield tag="245" ind1="0" ind2="0">
    <subfield code="a">Norwegian chamber music</subfield>
    <subfield code="h">[sound recording].</subfield>
  </datafield>
  <datafield tag="260" ind1=" " ind2=" ">
    <subfield code="a">[Oslo, Norway] :</subfield>
    <subfield code="b">Philips,</subfield>
    <subfield code="c">p1982.</subfield>
  </datafield>
  <datafield tag="300" ind1=" " ind2=" ">
    <subfield code="a">1 sound disc :</subfield>
    <subfield code="b">analog, 33 1/3 rpm, stereo. ;</subfield>
    <subfield code="c">12 in.</subfield>
  </datafield>
  <datafield tag="306" ind1=" " ind2=" ">
    <subfield code="a">001142</subfield>
    <subfield code="a">001209</subfield>
    <subfield code="a">002449</subfield>
  </datafield>
  <datafield tag="500" ind1=" " ind2=" ">
    <subfield code="a">Title from container.</subfield>
  </datafield>
  <datafield tag="511" ind1="0" ind2=" ">
    <subfield code="a">Bergen blåsekvintett (1st work) ; Jens Harald Bratlie, piano, Norske messingkvintett (2nd work) ; Stig Nilson, violin ; Otto Berg, viola ; Aage Kvalbein, violoncello ; Svein Haugen, bass ; Erik Andresen, clarinet ; Per Hannisdal, bassoon ; Frøydis Ree Wekre, horn (3rd work).</subfield>
  </datafield>
  <datafield tag="518" ind1=" " ind2=" ">
    <subfield code="a">Recorded at Bergen Lydstudio.</subfield>
  </datafield>
  <datafield tag="500" ind1=" " ind2=" ">
    <subfield code="a">Program notes in Norwegian with English translations on container.</subfield>
  </datafield>
  <datafield tag="505" ind1="0" ind2=" ">
    <subfield code="a">Suite no. 2, for woodwind quintet, op. 33 / Ivar Lunde, Jr. (11:42) -- Sextet for 2 trumpets, French horn, trombone, tuba, and piano, op. 32 / Trygve Madsen (12:09) -- Septet / Tor Brevik (24:49).</subfield>
  </datafield>
  <datafield tag="650" ind1=" " ind2="0">
    <subfield code="a">Wind quintets (Bassoon, clarinet, flute, horn, oboe)</subfield>
  </datafield>
  <datafield tag="650" ind1=" " ind2="0">
    <subfield code="a">Sextets (Piano, horn, trombone, trumpets (2), tuba)</subfield>
  </datafield>
  <datafield tag="650" ind1=" " ind2="0">
    <subfield code="a">Septets (Bassoon, clarinet, horn, violin, viola, cello, double bass)</subfield>
  </datafield>
  <datafield tag="700" ind1="1" ind2=" ">
    <subfield code="a">Bratlie, Jens Harald.</subfield>
    <subfield code="4">prf</subfield>
  </datafield>
  <datafield tag="700" ind1="1" ind2=" ">
    <subfield code="a">Nilson, Stig.</subfield>
    <subfield code="4">prf</subfield>
  </datafield>
  <datafield tag="700" ind1="1" ind2=" ">
    <subfield code="a">Berg, Otto</subfield>
    <subfield code="c">(Violist)</subfield>
    <subfield code="4">prf</subfield>
  </datafield>
  <datafield tag="700" ind1="1" ind2=" ">
    <subfield code="a">Kvalbein, Aage.</subfield>
    <subfield code="4">prf</subfield>
  </datafield>
  <datafield tag="700" ind1="1" ind2=" ">
    <subfield code="a">Haugen, Svein.</subfield>
    <subfield code="4">prf</subfield>
  </datafield>
  <datafield tag="700" ind1="1" ind2=" ">
    <subfield code="a">Andresen, Erik,</subfield>
    <subfield code="d">1941-</subfield>
    <subfield code="4">prf</subfield>
  </datafield>
  <datafield tag="700" ind1="1" ind2=" ">
    <subfield code="a">Hannisdal, Per.</subfield>
    <subfield code="4">prf</subfield>
  </datafield>
  <datafield tag="700" ind1="1" ind2=" ">
    <subfield code="a">Wekre, Frøydis Ree.</subfield>
    <subfield code="4">prf</subfield>
  </datafield>
  <datafield tag="700" ind1="1" ind2="2">
    <subfield code="a">Lunde, Ivar.</subfield>
    <subfield code="t">Suites,</subfield>
    <subfield code="m">flute, oboe, clarinet, horn, bassoon,</subfield>
    <subfield code="n">no. 2, op. 33.</subfield>
  </datafield>
  <datafield tag="700" ind1="1" ind2="2">
    <subfield code="a">Madsen, Trygve.</subfield>
    <subfield code="t">Sextet,</subfield>
    <subfield code="m">piano, trumpets (2), horn, trombone, tuba,</subfield>
    <subfield code="n">op. 32.</subfield>
  </datafield>
  <datafield tag="700" ind1="1" ind2="2">
    <subfield code="a">Brevik, Tor.</subfield>
    <subfield code="t">Septet,</subfield>
    <subfield code="m">clarinet, bassoon, horn, violin, viola, cello, double bass.</subfield>
  </datafield>
  <datafield tag="710" ind1="2" ind2=" ">
    <subfield code="a">Bergen blåsekvintett (Norway)</subfield>
    <subfield code="4">prf</subfield>
  </datafield>
  <datafield tag="710" ind1="2" ind2=" ">
    <subfield code="a">Norske messingkvintett.</subfield>
    <subfield code="4">prf</subfield>
  </datafield>
</record>