
<record>
  <leader>04372cam a2200349 i 4500</leader>
  <controlfield tag="001">17261064</controlfield>
  <controlfield tag="005">20200103143617.0</controlfield>
  <controlfield tag="008">120418s2012    enk      b    001 0 eng  </controlfield>
  <datafield tag="906" ind1=" " ind2=" ">
    <subfield code="a">7</subfield>
    <subfield code="b">cbc</subfield>
    <subfield code="c">orignew</subfield>
    <subfield code="d">1</subfield>
    <subfield code="e">ecip</subfield>
    <subfield code="f">20</subfield>
    <subfield code="g">y-gencatlg</subfield>
  </datafield>
  <datafield tag="925" ind1="0" ind2=" ">
    <subfield code="a">acquire</subfield>
    <subfield code="b">1 shelf copy</subfield>
    <subfield code="x">policy default</subfield>
  </datafield>
  <datafield tag="955" ind1=" " ind2=" ">
    <subfield code="b">pa20 2012-04-18</subfield>
    <subfield code="c">pa20 2012-04-18 ONIX to LAW</subfield>
    <subfield code="d">xg06 2012-04-18</subfield>
    <subfield code="e">xg06 2012-04-18 to Dewey</subfield>
    <subfield code="w">rd05 2012-05-02</subfield>
    <subfield code="a">xg16 2012-12-28 1 copy rec&apos;d., to CIP ver.</subfield>
    <subfield code="f">xg16 2013-01-02 to LL</subfield>
    <subfield code="t">xg28 2013-03-14 copy 2 added</subfield>
  </datafield>
  <datafield tag="010" ind1=" " ind2=" ">
    <subfield code="a">  2012015925</subfield>
  </datafield>
  <datafield tag="020" ind1=" " ind2=" ">
    <subfield code="a">9781107029323 (hardback)</subfield>
  </datafield>
  <datafield tag="040" ind1=" " ind2=" ">
    <subfield code="a">DLC</subfield>
    <subfield code="b">eng</subfield>
    <subfield code="c">DLC</subfield>
    <subfield code="e">rda</subfield>
  </datafield>
  <datafield tag="042" ind1=" " ind2=" ">
    <subfield code="a">pcc</subfield>
  </datafield>
  <datafield tag="050" ind1="0" ind2="0">
    <subfield code="a">K1327</subfield>
    <subfield code="b">.C655 2012</subfield>
  </datafield>
  <datafield tag="082" ind1="0" ind2="0">
    <subfield code="a">346/.0664</subfield>
    <subfield code="2">23</subfield>
  </datafield>
  <datafield tag="084" ind1=" " ind2=" ">
    <subfield code="a">LAW016000</subfield>
    <subfield code="2">bisacsh</subfield>
  </datafield>
  <datafield tag="245" ind1="0" ind2="0">
    <subfield code="a">Conflict of interest in global, public and corporate governance /</subfield>
    <subfield code="c">edited by Anne Peters and Lukas Handschin ; assistant editor, Daniel Högger.</subfield>
  </datafield>
  <datafield tag="264" ind1=" " ind2="1">
    <subfield code="a">Cambridge :</subfield>
    <subfield code="b">Cambridge University Press,</subfield>
    <subfield code="c">2012.</subfield>
  </datafield>
  <datafield tag="300" ind1=" " ind2=" ">
    <subfield code="a">xviii, 470 pages ;</subfield>
    <subfield code="c">24 cm</subfield>
  </datafield>
  <datafield tag="336" ind1=" " ind2=" ">
    <subfield code="a">text</subfield>
    <subfield code="2">rdacontent</subfield>
  </datafield>
  <datafield tag="337" ind1=" " ind2=" ">
    <subfield code="a">unmediated</subfield>
    <subfield code="2">rdamedia</subfield>
  </datafield>
  <datafield tag="338" ind1=" " ind2=" ">
    <subfield code="a">volume</subfield>
    <subfield code="2">rdacarrier</subfield>
  </datafield>
  <datafield tag="504" ind1=" " ind2=" ">
    <subfield code="a">Includes bibliographical references (pages 422-452) and index.</subfield>
  </datafield>
  <datafield tag="505" ind1="8" ind2="0">
    <subfield code="a">Machine generated contents note: Part I. General: 1. Conflict of interest as a cross-cutting problem of governance Anne Peters; 2. Conflict of interest from the perspective of the sociology of organised action Erhard Friedberg; 3. Empirical research on conflict of interest: a critical look Michael Davis; Part II. Global Governance: 4. Conflict of interest of international civil servants Auguste Nganga Malonga; 5. How to start thinking about conflict of interest in global governance? René Urueña; 6. Conflict of interest in international investment arbitration August Reinisch and Christina Knahr; 7. Conflict of interest in universal human rights bodies Michal Davala; Part III. Public Governance: 8. Conflict of interest and administrative law Jean-Bernard Auby; 9. Conflict of interest and the administration of public affairs - a local perspective Benjamin Schindler; 10. A dilemma in the separation of powers: public servants as legislators Thomas Braendle and Alois Stutzer; 11. Politicians as judges? Conflict of interest in Swiss parliament during decisions on the validity of popular initiatives Anna Christmann; 12. Private vices, public benefits? Small-town bureaucratization in Namibia Gregor Dobler; 13. Conflict of interest of heads of state: the example of Madagascar Jan Christoph Richter; Part IV. Corporate and Financial Governance and the Professions: 14. Conflict of interest: compliance and its contribution to corporate governance in the financial services sector Monika Roth; 15. Conflict of interest and the furore over banker compensation Andrew Stark; 16. Conflict of interest related to management and board payments - profit-based remuneration systems make things worse Lukas Handschin; 17. Taking conflict of interest in corporate law seriously - direct and indirect rules addressing the agency problem Rashid Bahar and Antoine Morand; 18. Conflict of interest at the bedside: surrogate decision making at the end of life Susan P. Shapiro; Part V. Conclusion: 19. Managing conflict of interest: lessons from multiple disciplines and settings Anne Peters.</subfield>
  </datafield>
  <datafield tag="520" ind1=" " ind2=" ">
    <subfield code="a">&quot;Conflict of interest occurs at all levels of governance, ranging from local to global, both in the public and the corporate and financial spheres. There is increasing awareness that conflicts of interest may distort decision-making processes and generate inappropriate outcomes, thereby undermining the functioning of public institutions and markets. However, the current worldwide trend towards regulation, which seeks to forestall, prevent and manage conflicts of interest, has its price. Drawbacks may include the stifling of decision-making processes, the loss of expertise among decision-makers and a vicious circle of distrust. This interdisciplinary and international book addresses specific situations of conflict of interest in different spheres of governance, particularly in global, public and corporate governance&quot;--</subfield>
    <subfield code="c">Provided by publisher.</subfield>
  </datafield>
  <datafield tag="650" ind1=" " ind2="0">
    <subfield code="a">Corporate governance</subfield>
    <subfield code="x">Law and legislation</subfield>
  </datafield>
  <datafield tag="650" ind1=" " ind2="0">
    <subfield code="a">Conflict of interests.</subfield>
  </datafield>
  <datafield tag="650" ind1=" " ind2="7">
    <subfield code="a">LAW / Comparative.</subfield>
    <subfield code="2">bisacsh</subfield>
  </datafield>
  <datafield tag="700" ind1="1" ind2=" ">
    <subfield code="a">Peters, Anne,</subfield>
    <subfield code="d">1964-</subfield>
    <subfield code="e">editor of compilation.</subfield>
  </datafield>
  <datafield tag="700" ind1="1" ind2=" ">
    <subfield code="a">Handschin, Lukas,</subfield>
    <subfield code="e">editor of compilation.</subfield>
  </datafield>
</record>