
<record>
  <leader>04046cam a2200349 i 4500</leader>
  <controlfield tag="001">17324851</controlfield>
  <controlfield tag="005">20200103135319.0</controlfield>
  <controlfield tag="008">120530s2012    enk      b    001 0 eng  </controlfield>
  <datafield tag="906" ind1=" " ind2=" ">
    <subfield code="a">7</subfield>
    <subfield code="b">cbc</subfield>
    <subfield code="c">orignew</subfield>
    <subfield code="d">1</subfield>
    <subfield code="e">ecip</subfield>
    <subfield code="f">20</subfield>
    <subfield code="g">y-gencatlg</subfield>
  </datafield>
  <datafield tag="925" ind1="0" ind2=" ">
    <subfield code="a">acquire</subfield>
    <subfield code="b">1 shelf copy</subfield>
    <subfield code="x">policy default</subfield>
  </datafield>
  <datafield tag="955" ind1=" " ind2=" ">
    <subfield code="b">pa20 2012-05-30</subfield>
    <subfield code="c">pa20 2012-05-30 ONIX to Law</subfield>
    <subfield code="d">xg08 2012-05-30</subfield>
    <subfield code="e">xg06 2012-05-31 to Dewey</subfield>
    <subfield code="w">rd05 2012-05-31</subfield>
    <subfield code="a">xg16 2012-10-12 1 copy rec&apos;d., to CIP ver.</subfield>
    <subfield code="f">xg05 2012-10-19; to LL</subfield>
    <subfield code="t">xg21 2012-11-05 copy 2 added</subfield>
  </datafield>
  <datafield tag="010" ind1=" " ind2=" ">
    <subfield code="a">  2012021840</subfield>
  </datafield>
  <datafield tag="020" ind1=" " ind2=" ">
    <subfield code="a">9781107009318 (hardback)</subfield>
  </datafield>
  <datafield tag="040" ind1=" " ind2=" ">
    <subfield code="a">DLC</subfield>
    <subfield code="b">eng</subfield>
    <subfield code="c">DLC</subfield>
    <subfield code="e">rda</subfield>
    <subfield code="d">DLC</subfield>
  </datafield>
  <datafield tag="042" ind1=" " ind2=" ">
    <subfield code="a">pcc</subfield>
  </datafield>
  <datafield tag="050" ind1="0" ind2="0">
    <subfield code="a">K1401</subfield>
    <subfield code="b">.N48 2012</subfield>
  </datafield>
  <datafield tag="082" ind1="0" ind2="0">
    <subfield code="a">346.04/801</subfield>
    <subfield code="2">23</subfield>
  </datafield>
  <datafield tag="084" ind1=" " ind2=" ">
    <subfield code="a">LAW050000</subfield>
    <subfield code="2">bisacsh</subfield>
  </datafield>
  <datafield tag="245" ind1="0" ind2="0">
    <subfield code="a">New frontiers in the philosophy of intellectual property /</subfield>
    <subfield code="c">edited by Annabelle Lever.</subfield>
  </datafield>
  <datafield tag="264" ind1=" " ind2="1">
    <subfield code="a">Cambridge :</subfield>
    <subfield code="b">Cambridge University Press,</subfield>
    <subfield code="c">2012.</subfield>
  </datafield>
  <datafield tag="300" ind1=" " ind2=" ">
    <subfield code="a">xvi, 342 pages ;</subfield>
    <subfield code="c">24 cm.</subfield>
  </datafield>
  <datafield tag="336" ind1=" " ind2=" ">
    <subfield code="a">text</subfield>
    <subfield code="2">rdacontent</subfield>
  </datafield>
  <datafield tag="337" ind1=" " ind2=" ">
    <subfield code="a">unmediated</subfield>
    <subfield code="2">rdamedia</subfield>
  </datafield>
  <datafield tag="338" ind1=" " ind2=" ">
    <subfield code="a">volume</subfield>
    <subfield code="2">rdacarrier</subfield>
  </datafield>
  <datafield tag="490" ind1="0" ind2=" ">
    <subfield code="a">Cambridge intellectual property and information law</subfield>
  </datafield>
  <datafield tag="520" ind1=" " ind2=" ">
    <subfield code="a">&quot;Are intellectual property rights a threat to autonomy, global justice, indigenous rights, access to lifesaving knowledge and medicines? The essays in this volume examine the justification of patents, copyrights and trademarks in light of the political and moral controversy over TRIPS (the Agreement on Trade-Related Aspects of Intellectual Property Rights). Written by a distinguished international group of experts, this book draws on the latest philosophical work on autonomy, equality, property ownership and human rights in order to explore the moral, political and economic implications of property rights in ideas. Written with an interdisciplinary audience in mind, these essays introduce readers to the latest debates in the philosophy of intellectual property, whether their interests are in the restrictions that copyright places on the reproduction of music and printed words or in the morality and legality of patenting human genes, essential medicines or traditional knowledge&quot;--</subfield>
    <subfield code="c">Provided by publisher.</subfield>
  </datafield>
  <datafield tag="520" ind1=" " ind2=" ">
    <subfield code="a">&quot;New Frontiers in the Philosophy of Intellectual Property Are intellectual property rights a threat to autonomy, global justice, indigenous rights, access to life-saving knowledge and medicines? The essays in this volume examine the justification of patents, copyrights and trademarks in light of the political and moral controversy over TRIPS (the Agreement on Trade-Related Aspects of Intellectual Property Rights). Written by a distinguished international group of experts, this book draws on the latest philosophical work on autonomy, equality, property ownership and human rights in order to explore the moral, political and economic implications of property rights in ideas&quot;--</subfield>
    <subfield code="c">Provided by publisher.</subfield>
  </datafield>
  <datafield tag="504" ind1=" " ind2=" ">
    <subfield code="a">Includes bibliographical references (pages 307-328) and index.</subfield>
  </datafield>
  <datafield tag="505" ind1="8" ind2=" ">
    <subfield code="a">Machine generated contents note: Introduction Annabelle Lever; 1. Autonomy, social selves and intellectual property claims John Christman; 2. Corrective justice and intellectual property rights in traditional knowledge Stephen R. Munzer; 3. &apos;The genetic code is 3.6 billion years old: it&apos;s time for a rewrite&apos;: biotech patenting in the twenty-first century Graham Dutfield; 4. On the value of intellectual commons James Wilson; 5. Copyright infringement as compelled speech Abraham Drassinower; 6. Public reason, communication and intellectual property Laura Biron; 7. &apos;Sharing v. free riding: the case of P2P transmission of MP3 files&apos; Geert Demuijnck; 8. &apos;The virtuous p(eer)&apos; David Lametti; 9. Intellectual property rights and the TRIPS agreement: an overview of ethical problems and some proposed solutions Jorn Sonderholm; 10. Designing a successor to the patent as second best solution to the problem of optimum provision of good ideas Alexander Rosenberg.</subfield>
  </datafield>
  <datafield tag="650" ind1=" " ind2="0">
    <subfield code="a">Intellectual property.</subfield>
  </datafield>
  <datafield tag="650" ind1=" " ind2="7">
    <subfield code="a">LAW / Intellectual Property / General.</subfield>
    <subfield code="2">bisacsh</subfield>
  </datafield>
  <datafield tag="700" ind1="1" ind2=" ">
    <subfield code="a">Lever, Annabelle,</subfield>
    <subfield code="e">editor of compilation.</subfield>
  </datafield>
</record>