
<record>
  <leader>02532cam a2200349 a 4500</leader>
  <controlfield tag="001">17347744</controlfield>
  <controlfield tag="005">20200103110116.0</controlfield>
  <controlfield tag="008">120614s2012    enk      b    001 0 eng d</controlfield>
  <datafield tag="906" ind1=" " ind2=" ">
    <subfield code="a">7</subfield>
    <subfield code="b">cbc</subfield>
    <subfield code="c">copycat</subfield>
    <subfield code="d">2</subfield>
    <subfield code="e">epcn</subfield>
    <subfield code="f">20</subfield>
    <subfield code="g">y-gencatlg</subfield>
  </datafield>
  <datafield tag="925" ind1="0" ind2=" ">
    <subfield code="a">acquire</subfield>
    <subfield code="b">1 shelf copy</subfield>
    <subfield code="x">policy default</subfield>
  </datafield>
  <datafield tag="955" ind1=" " ind2=" ">
    <subfield code="b">xg16 2013-03-01 z-processor</subfield>
    <subfield code="i">xg16 2013-03-01 to LL</subfield>
    <subfield code="t">xg21 2013-03-15 copy 2 added</subfield>
  </datafield>
  <datafield tag="955" ind1=" " ind2=" ">
    <subfield code="a">pc14 2012-06-14</subfield>
  </datafield>
  <datafield tag="010" ind1=" " ind2=" ">
    <subfield code="a">  2012942066</subfield>
  </datafield>
  <datafield tag="015" ind1=" " ind2=" ">
    <subfield code="a">GBB294263</subfield>
    <subfield code="2">bnb</subfield>
  </datafield>
  <datafield tag="016" ind1="7" ind2=" ">
    <subfield code="a">016172982</subfield>
    <subfield code="2">Uk</subfield>
  </datafield>
  <datafield tag="020" ind1=" " ind2=" ">
    <subfield code="a">9781781005590 (hbk. : alk. paper)</subfield>
  </datafield>
  <datafield tag="020" ind1=" " ind2=" ">
    <subfield code="a">1781005591 (hbk. : alk. paper)</subfield>
  </datafield>
  <datafield tag="035" ind1=" " ind2=" ">
    <subfield code="a">(OCoLC)ocn810949855</subfield>
  </datafield>
  <datafield tag="040" ind1=" " ind2=" ">
    <subfield code="a">UKMGB</subfield>
    <subfield code="b">eng</subfield>
    <subfield code="c">UKMGB</subfield>
    <subfield code="d">OCLCO</subfield>
    <subfield code="d">BTCTA</subfield>
    <subfield code="d">YDXCP</subfield>
    <subfield code="d">BWK</subfield>
    <subfield code="d">CDX</subfield>
    <subfield code="d">WCL</subfield>
    <subfield code="d">RCJ</subfield>
    <subfield code="d">DLC</subfield>
  </datafield>
  <datafield tag="042" ind1=" " ind2=" ">
    <subfield code="a">lccopycat</subfield>
  </datafield>
  <datafield tag="050" ind1="0" ind2="0">
    <subfield code="a">K5001</subfield>
    <subfield code="b">.I58 2012</subfield>
  </datafield>
  <datafield tag="082" ind1="0" ind2="4">
    <subfield code="a">345</subfield>
    <subfield code="2">23</subfield>
  </datafield>
  <datafield tag="245" ind1="0" ind2="0">
    <subfield code="a">International criminal justice :</subfield>
    <subfield code="b">legitimacy and coherence /</subfield>
    <subfield code="c">edited by Gideon Boas, William A. Schabas, Michael P. Scharf.</subfield>
  </datafield>
  <datafield tag="260" ind1=" " ind2=" ">
    <subfield code="a">Cheltenham, UK ;</subfield>
    <subfield code="a">Northampton, MA, USA :</subfield>
    <subfield code="b">Edward Elgar,</subfield>
    <subfield code="c">2012.</subfield>
  </datafield>
  <datafield tag="300" ind1=" " ind2=" ">
    <subfield code="a">xii, 322 p. ;</subfield>
    <subfield code="c">24 cm.</subfield>
  </datafield>
  <datafield tag="504" ind1=" " ind2=" ">
    <subfield code="a">Includes bibliographical references and index.</subfield>
  </datafield>
  <datafield tag="505" ind1="0" ind2="0">
    <subfield code="t">What is international criminal justice? /</subfield>
    <subfield code="r">Gideon Boas --</subfield>
    <subfield code="t">Order in the courtroom : the unique challenge of maintaining control of a war crimes trial /</subfield>
    <subfield code="r">Michael P. Scharf --</subfield>
    <subfield code="t">Making war crimes trials work : balancing fairness and expedition /</subfield>
    <subfield code="r">Iain Bonomy --</subfield>
    <subfield code="t">Applied rights in international criminal law : defence counsel and the right to discloseure /</subfield>
    <subfield code="r">Peter Morrissey --</subfield>
    <subfield code="t">Complexities in prosecuting international crimes : the ICC Libyan warrants /</subfield>
    <subfield code="r">Mark Ierace --</subfield>
    <subfield code="t">International criminal justice and the past /</subfield>
    <subfield code="r">Gerry Simpson --</subfield>
    <subfield code="t">International criminal justice in historical context : the post-Second World War trials and modern international criminal justice /</subfield>
    <subfield code="r">Robert Cryer --</subfield>
    <subfield code="t">Terrorism and international criminal law : questions of (in)coherence and (il)legitimacy /</subfield>
    <subfield code="r">Ben Saul --</subfield>
    <subfield code="t">The International Criminal Court and the complexities of international criminal justice /</subfield>
    <subfield code="r">James Potter --</subfield>
    <subfield code="t">Women and international criminal law : steps forward or dancing backwards /</subfield>
    <subfield code="r">Helen Durham --</subfield>
    <subfield code="t">Have recent changes designed to benefit victims of international crimes added to the legitimacy of international criminal justice? /</subfield>
    <subfield code="r">Sam Garkawe --</subfield>
    <subfield code="t">International criminal justice and military perspectives /</subfield>
    <subfield code="r">Geoffrey Skillen.</subfield>
  </datafield>
  <datafield tag="650" ind1=" " ind2="0">
    <subfield code="a">Criminal justice, Administration of.</subfield>
  </datafield>
  <datafield tag="650" ind1=" " ind2="0">
    <subfield code="a">Criminal procedure (International law)</subfield>
  </datafield>
  <datafield tag="700" ind1="1" ind2=" ">
    <subfield code="a">Boas, Gideon.</subfield>
  </datafield>
  <datafield tag="700" ind1="1" ind2=" ">
    <subfield code="a">Schabas, William,</subfield>
    <subfield code="d">1950-</subfield>
  </datafield>
  <datafield tag="700" ind1="1" ind2=" ">
    <subfield code="a">Scharf, Michael P.,</subfield>
    <subfield code="d">1963-</subfield>
  </datafield>
</record>