
<record>
  <leader>03150cam a2200589 i 4500</leader>
  <controlfield tag="001">17349612</controlfield>
  <controlfield tag="005">20200103084808.0</controlfield>
  <controlfield tag="008">120611s2011    ec a     b    000 0 spa c</controlfield>
  <datafield tag="906" ind1=" " ind2=" ">
    <subfield code="a">7</subfield>
    <subfield code="b">cbc</subfield>
    <subfield code="c">pccadap</subfield>
    <subfield code="d">2</subfield>
    <subfield code="e">ncip</subfield>
    <subfield code="f">20</subfield>
    <subfield code="g">y-gencatlg</subfield>
  </datafield>
  <datafield tag="925" ind1="0" ind2=" ">
    <subfield code="a">acquire</subfield>
    <subfield code="b">1 shelf copy</subfield>
    <subfield code="x">policy default</subfield>
  </datafield>
  <datafield tag="955" ind1=" " ind2=" ">
    <subfield code="a">bg12 2012-12-18 to ALAWE/SA</subfield>
    <subfield code="a">bg18 2012-12-26</subfield>
    <subfield code="b">bf19 2019-06-24 z-processor</subfield>
    <subfield code="i">bf19 2019-06-24 to Dewey</subfield>
    <subfield code="w">xm06 2020-01-03</subfield>
  </datafield>
  <datafield tag="010" ind1=" " ind2=" ">
    <subfield code="a">  2012503919</subfield>
  </datafield>
  <datafield tag="035" ind1=" " ind2=" ">
    <subfield code="a">(OCoLC)ocn794854626</subfield>
  </datafield>
  <datafield tag="040" ind1=" " ind2=" ">
    <subfield code="a">STF</subfield>
    <subfield code="b">eng</subfield>
    <subfield code="c">STF</subfield>
    <subfield code="e">rda</subfield>
    <subfield code="d">OCLCF</subfield>
    <subfield code="d">OCLCQ</subfield>
    <subfield code="d">DLC</subfield>
  </datafield>
  <datafield tag="042" ind1=" " ind2=" ">
    <subfield code="a">pcc</subfield>
  </datafield>
  <datafield tag="043" ind1=" " ind2=" ">
    <subfield code="a">s-ec---</subfield>
  </datafield>
  <datafield tag="050" ind1="0" ind2="0">
    <subfield code="a">JS2567.A2</subfield>
    <subfield code="b">E54 2011</subfield>
  </datafield>
  <datafield tag="082" ind1="0" ind2="0">
    <subfield code="a">338.9866/41207</subfield>
    <subfield code="2">23</subfield>
  </datafield>
  <datafield tag="100" ind1="1" ind2=" ">
    <subfield code="a">Engel, Susan,</subfield>
    <subfield code="e">author.</subfield>
  </datafield>
  <datafield tag="245" ind1="1" ind2="0">
    <subfield code="a">Sistematización :</subfield>
    <subfield code="b">espacios multisectoriales de diálogo y concertación para el desarrollo sostenible de la gestión municipal /</subfield>
    <subfield code="c">autores: Engel Susan, Frank Volker, Guarnizo Pilar, Heylings Pippa, Rivera Jackie.</subfield>
  </datafield>
  <datafield tag="246" ind1="3" ind2="0">
    <subfield code="a">Espacios multisectoriales de diálogo y concertación para el desarrollo sostenible de la gestión municipal</subfield>
  </datafield>
  <datafield tag="264" ind1=" " ind2="1">
    <subfield code="a">Quito :</subfield>
    <subfield code="b">Fundación Futuro Latinoamericano :</subfield>
    <subfield code="b">Fondo Ecuatoriano Populorum Progressio,</subfield>
    <subfield code="c">2011.</subfield>
  </datafield>
  <datafield tag="300" ind1=" " ind2=" ">
    <subfield code="a">2 unnumbered pages, 37 pages :</subfield>
    <subfield code="b">color illustrations ;</subfield>
    <subfield code="c">24 cm +</subfield>
    <subfield code="e">1 computer disc (CD-ROM, recorded CD-ROM, mp3, digital, sound ; 4 3/4 in.) + 1 booklet (19 pages : illustrations ; 21 cm)</subfield>
  </datafield>
  <datafield tag="336" ind1=" " ind2=" ">
    <subfield code="a">text</subfield>
    <subfield code="b">txt</subfield>
    <subfield code="2">rdacontent</subfield>
  </datafield>
  <datafield tag="336" ind1=" " ind2=" ">
    <subfield code="a">spoken word</subfield>
    <subfield code="b">spw</subfield>
    <subfield code="2">rdacontent</subfield>
  </datafield>
  <datafield tag="337" ind1=" " ind2=" ">
    <subfield code="a">unmediated</subfield>
    <subfield code="b">n</subfield>
    <subfield code="2">rdamedia</subfield>
  </datafield>
  <datafield tag="337" ind1=" " ind2=" ">
    <subfield code="a">computer</subfield>
    <subfield code="b">c</subfield>
    <subfield code="2">rdamedia</subfield>
  </datafield>
  <datafield tag="338" ind1=" " ind2=" ">
    <subfield code="a">volume</subfield>
    <subfield code="b">nc</subfield>
    <subfield code="2">rdacarrier</subfield>
  </datafield>
  <datafield tag="338" ind1=" " ind2=" ">
    <subfield code="a">computer disc</subfield>
    <subfield code="b">cd</subfield>
    <subfield code="2">rdacarrier</subfield>
  </datafield>
  <datafield tag="500" ind1=" " ind2=" ">
    <subfield code="a">Cover title.</subfield>
  </datafield>
  <datafield tag="500" ind1=" " ind2=" ">
    <subfield code="a">&quot;Financiado por: Unión Europea&quot;--Unnumbered page 1.</subfield>
  </datafield>
  <datafield tag="500" ind1=" " ind2=" ">
    <subfield code="a">Accompanying CD-ROM entitled: Programa radial de la Ley de participación ciudadana.</subfield>
  </datafield>
  <datafield tag="500" ind1=" " ind2=" ">
    <subfield code="a">Accompanying booklet entitled: Ordenanza de participación ciudadana del Cantón Putumayo.</subfield>
  </datafield>
  <datafield tag="504" ind1=" " ind2=" ">
    <subfield code="a">Includes bibliographical references (page 37).</subfield>
  </datafield>
  <datafield tag="650" ind1=" " ind2="0">
    <subfield code="a">Municipal government</subfield>
    <subfield code="z">Ecuador</subfield>
    <subfield code="z">Cascales (Canton)</subfield>
    <subfield code="x">Citizen participation.</subfield>
  </datafield>
  <datafield tag="650" ind1=" " ind2="0">
    <subfield code="a">Municipal government</subfield>
    <subfield code="z">Ecuador</subfield>
    <subfield code="z">Putumayo (Canton)</subfield>
    <subfield code="x">Citizen participation.</subfield>
  </datafield>
  <datafield tag="650" ind1=" " ind2="0">
    <subfield code="a">Sustainable development</subfield>
    <subfield code="z">Ecuador</subfield>
    <subfield code="z">Cascales (Canton)</subfield>
    <subfield code="x">Citizen participation.</subfield>
  </datafield>
  <datafield tag="650" ind1=" " ind2="0">
    <subfield code="a">Sustainable development</subfield>
    <subfield code="z">Ecuador</subfield>
    <subfield code="z">Putumayo (Canton)</subfield>
    <subfield code="x">Citizen participation.</subfield>
  </datafield>
  <datafield tag="650" ind1=" " ind2="7">
    <subfield code="a">Municipal government</subfield>
    <subfield code="x">Citizen participation.</subfield>
    <subfield code="2">fast</subfield>
    <subfield code="0">(OCoLC)fst01029308</subfield>
  </datafield>
  <datafield tag="650" ind1=" " ind2="7">
    <subfield code="a">Sustainable development</subfield>
    <subfield code="x">Citizen participation.</subfield>
    <subfield code="2">fast</subfield>
    <subfield code="0">(OCoLC)fst01139734</subfield>
  </datafield>
  <datafield tag="651" ind1=" " ind2="7">
    <subfield code="a">Ecuador</subfield>
    <subfield code="z">Cascales (Canton)</subfield>
    <subfield code="2">fast</subfield>
    <subfield code="0">(OCoLC)fst01888259</subfield>
  </datafield>
  <datafield tag="651" ind1=" " ind2="7">
    <subfield code="a">Ecuador</subfield>
    <subfield code="z">Putumayo (Canton)</subfield>
    <subfield code="2">fast</subfield>
    <subfield code="0">(OCoLC)fst01885130</subfield>
  </datafield>
  <datafield tag="700" ind1="1" ind2=" ">
    <subfield code="a">Frank, Volker,</subfield>
    <subfield code="d">1965-</subfield>
    <subfield code="e">author.</subfield>
  </datafield>
  <datafield tag="700" ind1="1" ind2=" ">
    <subfield code="a">Guarnizo, Pilar,</subfield>
    <subfield code="e">author.</subfield>
  </datafield>
  <datafield tag="700" ind1="1" ind2=" ">
    <subfield code="a">Heylings, Pippa,</subfield>
    <subfield code="e">author.</subfield>
  </datafield>
  <datafield tag="700" ind1="1" ind2=" ">
    <subfield code="a">Rivera, Jackie,</subfield>
    <subfield code="e">author.</subfield>
  </datafield>
  <datafield tag="710" ind1="2" ind2=" ">
    <subfield code="a">Fundación Futuro Latinoamericano,</subfield>
    <subfield code="e">issuing body.</subfield>
  </datafield>
  <datafield tag="710" ind1="2" ind2=" ">
    <subfield code="a">Fondo Ecuatoriano Populorum Progressio,</subfield>
    <subfield code="e">issuing body.</subfield>
  </datafield>
  <datafield tag="740" ind1="0" ind2="2">
    <subfield code="a">Programa radial de la Ley de participación ciudadana.</subfield>
  </datafield>
  <datafield tag="740" ind1="0" ind2="2">
    <subfield code="a">Ordenanza de participación ciudadana del Cantón Putumayo.</subfield>
  </datafield>
  <datafield tag="923" ind1=" " ind2=" ">
    <subfield code="d">20120609</subfield>
    <subfield code="n">5690E2012</subfield>
    <subfield code="s">BO-CbLA</subfield>
  </datafield>
  <datafield tag="985" ind1=" " ind2=" ">
    <subfield code="e">VENDOR LOAD</subfield>
  </datafield>
</record>