
<record>
  <leader>02955ckm a22004697a 4500</leader>
  <controlfield tag="001">17351460</controlfield>
  <controlfield tag="005">20200103091146.0</controlfield>
  <controlfield tag="007">kd bo </controlfield>
  <controlfield tag="007">cr |||||||||||</controlfield>
  <controlfield tag="008">120618e19620628xxunnn            kneng  </controlfield>
  <datafield tag="906" ind1=" " ind2=" ">
    <subfield code="a">7</subfield>
    <subfield code="b">cbc</subfield>
    <subfield code="c">orignew</subfield>
    <subfield code="d">u</subfield>
    <subfield code="e">ncip</subfield>
    <subfield code="f">20</subfield>
    <subfield code="g">y-printpho</subfield>
  </datafield>
  <datafield tag="955" ind1=" " ind2=" ">
    <subfield code="a">qw44 2012-06n</subfield>
  </datafield>
  <datafield tag="010" ind1=" " ind2=" ">
    <subfield code="a">  2012647543</subfield>
  </datafield>
  <datafield tag="037" ind1=" " ind2=" ">
    <subfield code="a">LC-DIG-hlb-05631</subfield>
    <subfield code="b">DLC</subfield>
    <subfield code="c">(digital file from original drawing)</subfield>
  </datafield>
  <datafield tag="040" ind1=" " ind2=" ">
    <subfield code="a">DLC</subfield>
    <subfield code="c">DLC</subfield>
    <subfield code="d">DLC</subfield>
    <subfield code="e">gihc</subfield>
  </datafield>
  <datafield tag="050" ind1="0" ind2="0">
    <subfield code="a">BLOCK,</subfield>
    <subfield code="b">no. 5631</subfield>
  </datafield>
  <datafield tag="100" ind1="1" ind2=" ">
    <subfield code="a">Block, Herbert,</subfield>
    <subfield code="d">1909-2001,</subfield>
    <subfield code="e">artist.</subfield>
  </datafield>
  <datafield tag="245" ind1="1" ind2="0">
    <subfield code="a">&quot;Leaving religion to private initiative is un-American&quot;</subfield>
    <subfield code="h">[graphic] /</subfield>
    <subfield code="c">Herblock.</subfield>
  </datafield>
  <datafield tag="260" ind1=" " ind2=" ">
    <subfield code="c">1962 June 28.</subfield>
  </datafield>
  <datafield tag="300" ind1=" " ind2=" ">
    <subfield code="a">1 drawing :</subfield>
    <subfield code="b">ink brush and graphite, with opaque white over graphite underdrawing ;</subfield>
    <subfield code="c">57.2 x 38.3 cm (sheet)</subfield>
  </datafield>
  <datafield tag="520" ind1="0" ind2=" ">
    <subfield code="a">Editorial cartoon shows an angry legislator on the floor of the Senate proclaiming that it is un-American to leave religion to private initiative and is demanding that prayer in public schools be mandated by Congress.</subfield>
  </datafield>
  <datafield tag="500" ind1=" " ind2=" ">
    <subfield code="a">Caption label from exhibit &quot;Herblock Looks at 1962&quot;: When the Supreme Court ruled against state-mandated school prayer in public schools in 1962 in the case of Engel v. Vitale, several Congressmen protested the decision. In his support of the Supreme Court, President Kennedy encouraged Americans to pray privately, which further fueled the congressional backlash. Herblock criticized Congress&apos;s proposal to mandate school prayer in this caricature of Senator James Glenn Beall of Maryland who led the call for an amendment to require school prayer.</subfield>
  </datafield>
  <datafield tag="540" ind1=" " ind2=" ">
    <subfield code="a">Publication may be restricted. For information see &quot;Herbert Block (&quot;Herblock&quot;) Rights and Restrictions,&quot;</subfield>
    <subfield code="u">http://www.loc.gov/rr/print/res/271_herb.html</subfield>
  </datafield>
  <datafield tag="500" ind1=" " ind2=" ">
    <subfield code="a">Title from item.</subfield>
  </datafield>
  <datafield tag="500" ind1=" " ind2=" ">
    <subfield code="a">Signed &quot;Herblock&quot; lower right.</subfield>
  </datafield>
  <datafield tag="500" ind1=" " ind2=" ">
    <subfield code="a">Published in the Washington Post, June 28, 1962.</subfield>
  </datafield>
  <datafield tag="500" ind1=" " ind2=" ">
    <subfield code="a">Copyright, 1962, by The Washington Post Co.</subfield>
  </datafield>
  <datafield tag="580" ind1=" " ind2=" ">
    <subfield code="a">Forms part of: Herbert L. Block Collection (Library of Congress).</subfield>
  </datafield>
  <datafield tag="585" ind1=" " ind2=" ">
    <subfield code="a">Exhibited: &quot;Fifty Years of Herblock&quot; in the Herblock Gallery at the Library of Congress, Washington, D.C., September 2012-March 2013.</subfield>
  </datafield>
  <datafield tag="650" ind1=" " ind2="7">
    <subfield code="a">Legislators</subfield>
    <subfield code="y">1960-1970.</subfield>
    <subfield code="2">lctgm</subfield>
  </datafield>
  <datafield tag="650" ind1=" " ind2="7">
    <subfield code="a">Church &amp; state</subfield>
    <subfield code="y">1960-1970.</subfield>
    <subfield code="2">lctgm</subfield>
  </datafield>
  <datafield tag="650" ind1=" " ind2="7">
    <subfield code="a">Prayer</subfield>
    <subfield code="y">1960-1970.</subfield>
    <subfield code="2">lctgm</subfield>
  </datafield>
  <datafield tag="650" ind1=" " ind2="7">
    <subfield code="a">Secularism</subfield>
    <subfield code="y">1960-1970.</subfield>
    <subfield code="2">lctgm</subfield>
  </datafield>
  <datafield tag="650" ind1=" " ind2="7">
    <subfield code="a">Manners &amp; customs</subfield>
    <subfield code="y">1960-1970.</subfield>
    <subfield code="2">lctgm</subfield>
  </datafield>
  <datafield tag="655" ind1=" " ind2="7">
    <subfield code="a">Editorial cartoons</subfield>
    <subfield code="x">American</subfield>
    <subfield code="y">1960-1970.</subfield>
    <subfield code="2">gmgpc</subfield>
  </datafield>
  <datafield tag="655" ind1=" " ind2="7">
    <subfield code="a">Drawings</subfield>
    <subfield code="x">American</subfield>
    <subfield code="y">1960-1970.</subfield>
    <subfield code="2">gmgpc</subfield>
  </datafield>
  <datafield tag="773" ind1="0" ind2=" ">
    <subfield code="a">Block, Herbert, 1909-2001.</subfield>
    <subfield code="t">Herbert L. Block collection (Library of Congress)</subfield>
    <subfield code="w">(DLC)  2009632507</subfield>
  </datafield>
  <datafield tag="852" ind1=" " ind2=" ">
    <subfield code="a">Library of Congress</subfield>
    <subfield code="b">Prints and Photographs Division</subfield>
    <subfield code="e">Washington, D.C. 20540 USA</subfield>
    <subfield code="n">dcu</subfield>
    <subfield code="u">http://hdl.loc.gov/loc.pnp/pp.print</subfield>
  </datafield>
  <datafield tag="856" ind1="4" ind2="1">
    <subfield code="3">digital file from original drawing</subfield>
    <subfield code="d">hlb</subfield>
    <subfield code="f">05631</subfield>
    <subfield code="q">p</subfield>
    <subfield code="u">http://hdl.loc.gov/loc.pnp/hlb.05631</subfield>
  </datafield>
  <datafield tag="985" ind1=" " ind2=" ">
    <subfield code="a">pp/hlb</subfield>
  </datafield>
  <datafield tag="985" ind1=" " ind2=" ">
    <subfield code="a">pp/exh</subfield>
    <subfield code="e">L4822-4 #004.03.00</subfield>
  </datafield>
  <datafield tag="991" ind1=" " ind2=" ">
    <subfield code="b">c-P&amp;P</subfield>
    <subfield code="m">(BB size)</subfield>
  </datafield>
</record>