
<record>
  <leader>01699cam a2200265 a 4500</leader>
  <controlfield tag="001">17378648</controlfield>
  <controlfield tag="005">20200103141709.0</controlfield>
  <controlfield tag="008">120709s2013    enk      b    000 0 eng  </controlfield>
  <datafield tag="906" ind1=" " ind2=" ">
    <subfield code="a">7</subfield>
    <subfield code="b">cbc</subfield>
    <subfield code="c">orignew</subfield>
    <subfield code="d">1</subfield>
    <subfield code="e">ecip</subfield>
    <subfield code="f">20</subfield>
    <subfield code="g">y-gencatlg</subfield>
  </datafield>
  <datafield tag="925" ind1="0" ind2=" ">
    <subfield code="a">acquire</subfield>
    <subfield code="b">1 shelf copy</subfield>
    <subfield code="x">policy default</subfield>
  </datafield>
  <datafield tag="955" ind1=" " ind2=" ">
    <subfield code="b">xg08 2012-07-09</subfield>
    <subfield code="i">xg08 2012-07-09</subfield>
    <subfield code="e">xg11 2012-07-09 to Dewey</subfield>
    <subfield code="w">rd05 2012-07-10</subfield>
    <subfield code="a">xn09 2013-04-19 1 copy rec&apos;d., to CIP ver.</subfield>
    <subfield code="f">xg11 2013-04-23 to LL</subfield>
    <subfield code="t">xg21 2013-06-07 copy 2 added</subfield>
  </datafield>
  <datafield tag="010" ind1=" " ind2=" ">
    <subfield code="a">  2012027742</subfield>
  </datafield>
  <datafield tag="020" ind1=" " ind2=" ">
    <subfield code="a">9781107009806 (hardback)</subfield>
  </datafield>
  <datafield tag="040" ind1=" " ind2=" ">
    <subfield code="a">DLC</subfield>
    <subfield code="c">DLC</subfield>
    <subfield code="d">DLC</subfield>
  </datafield>
  <datafield tag="042" ind1=" " ind2=" ">
    <subfield code="a">pcc</subfield>
  </datafield>
  <datafield tag="050" ind1="0" ind2="0">
    <subfield code="a">K460</subfield>
    <subfield code="b">.C55 2013</subfield>
  </datafield>
  <datafield tag="082" ind1="0" ind2="0">
    <subfield code="a">300.1</subfield>
    <subfield code="2">23</subfield>
  </datafield>
  <datafield tag="100" ind1="1" ind2=" ">
    <subfield code="a">Chernilo, Daniel.</subfield>
  </datafield>
  <datafield tag="245" ind1="1" ind2="4">
    <subfield code="a">The natural law foundations of modern social theory :</subfield>
    <subfield code="b">a quest for universalism /</subfield>
    <subfield code="c">Daniel Chernilo.</subfield>
  </datafield>
  <datafield tag="260" ind1=" " ind2=" ">
    <subfield code="a">Cambridge ;</subfield>
    <subfield code="a">New York :</subfield>
    <subfield code="b">Cambridge University Press,</subfield>
    <subfield code="c">2013.</subfield>
  </datafield>
  <datafield tag="300" ind1=" " ind2=" ">
    <subfield code="a">vii, 248 p. ;</subfield>
    <subfield code="c">24 cm.</subfield>
  </datafield>
  <datafield tag="504" ind1=" " ind2=" ">
    <subfield code="a">Includes bibliographical references (p. 228-239) and index.</subfield>
  </datafield>
  <datafield tag="505" ind1="0" ind2=" ">
    <subfield code="a">Contemporary social theory and natural law : Jurgen Habermas -- A natural-law critique of modern social theory : Karl Lowith, Leo Strauss and Eric Voegelin -- Natural law and the question of universalism -- Modern natural law I : Hobbes and Rousseau on the state of nature and social life -- Modern natural law II : Kant and Hegel on proceduralism and ethical life -- Classical social theory I : Marx, Tönnies and Durkheim on alienation, community and society -- Classical social theory II : Simmel and Weber on the universality of sociability and reasonableness -- Social theory as the natural law of &apos;artificial&apos; social relations.</subfield>
  </datafield>
  <datafield tag="650" ind1=" " ind2="0">
    <subfield code="a">Natural law</subfield>
    <subfield code="x">Social aspects.</subfield>
  </datafield>
  <datafield tag="650" ind1=" " ind2="0">
    <subfield code="a">Sociological jurisprudence</subfield>
    <subfield code="x">Philosophy.</subfield>
  </datafield>
</record>