
<record>
  <leader>02747cam a2200337 a 4500</leader>
  <controlfield tag="001">17430437</controlfield>
  <controlfield tag="005">20200103134225.0</controlfield>
  <controlfield tag="008">120814s2013    enka     b    001 0 eng  </controlfield>
  <datafield tag="906" ind1=" " ind2=" ">
    <subfield code="a">7</subfield>
    <subfield code="b">cbc</subfield>
    <subfield code="c">orignew</subfield>
    <subfield code="d">1</subfield>
    <subfield code="e">ecip</subfield>
    <subfield code="f">20</subfield>
    <subfield code="g">y-gencatlg</subfield>
  </datafield>
  <datafield tag="925" ind1="0" ind2=" ">
    <subfield code="a">acquire</subfield>
    <subfield code="b">1 shelf copy</subfield>
    <subfield code="x">policy default</subfield>
  </datafield>
  <datafield tag="955" ind1=" " ind2=" ">
    <subfield code="b">xg15 2012-08-14</subfield>
    <subfield code="i">xg15 2012-08-14</subfield>
    <subfield code="a">xg15 2012-08-15 To Dewey</subfield>
    <subfield code="w">rd05 2012-08-15</subfield>
    <subfield code="a">xn09 2013-05-22 1 copy rec&apos;d., to CIP ver.</subfield>
    <subfield code="f">xg16 2013-05-23 to LL</subfield>
    <subfield code="t">xg21 2013-10-30 copy 2 added</subfield>
  </datafield>
  <datafield tag="010" ind1=" " ind2=" ">
    <subfield code="a">  2012033073</subfield>
  </datafield>
  <datafield tag="020" ind1=" " ind2=" ">
    <subfield code="a">9780199917723 (hbk. : alk. paper)</subfield>
  </datafield>
  <datafield tag="020" ind1=" " ind2=" ">
    <subfield code="a">0199917728 (hbk. : alk. paper)</subfield>
  </datafield>
  <datafield tag="040" ind1=" " ind2=" ">
    <subfield code="a">DLC</subfield>
    <subfield code="c">DLC</subfield>
    <subfield code="d">DLC</subfield>
  </datafield>
  <datafield tag="042" ind1=" " ind2=" ">
    <subfield code="a">pcc</subfield>
  </datafield>
  <datafield tag="043" ind1=" " ind2=" ">
    <subfield code="a">n-us---</subfield>
  </datafield>
  <datafield tag="050" ind1="0" ind2="0">
    <subfield code="a">K5001</subfield>
    <subfield code="b">.R64 2013</subfield>
  </datafield>
  <datafield tag="082" ind1="0" ind2="0">
    <subfield code="a">364.01</subfield>
    <subfield code="2">23</subfield>
  </datafield>
  <datafield tag="100" ind1="1" ind2=" ">
    <subfield code="a">Robinson, Paul H.</subfield>
  </datafield>
  <datafield tag="245" ind1="1" ind2="0">
    <subfield code="a">Intuitions of justice and the utility of desert /</subfield>
    <subfield code="c">Paul H. Robinson.</subfield>
  </datafield>
  <datafield tag="260" ind1=" " ind2=" ">
    <subfield code="a">Oxford ;</subfield>
    <subfield code="a">New York :</subfield>
    <subfield code="b">Oxford University Press,</subfield>
    <subfield code="c">c2013.</subfield>
  </datafield>
  <datafield tag="300" ind1=" " ind2=" ">
    <subfield code="a">xxiii, 559 p. :</subfield>
    <subfield code="b">ill. ;</subfield>
    <subfield code="c">24 cm.</subfield>
  </datafield>
  <datafield tag="504" ind1=" " ind2=" ">
    <subfield code="a">Includes bibliographical references and index.</subfield>
  </datafield>
  <datafield tag="505" ind1="0" ind2=" ">
    <subfield code="a">The nature of judgements about justice -- Judgements about justice as intuitional and nuanced -- Judgements about justice as a human universal: agreements on a core of wrongdoing -- The origins of shared intuitions of justice -- Disagreements about justice -- Changing people&apos;s judgements of justice -- Should the criminal law care what the lay person thinks is just? -- Current law&apos;s deference to lay judgements of justice -- Current law&apos;s conflicts with lay judgements of justice -- Normative crime control: the utility of desert -- Building moral credibility and the disutility of injustice -- Deviations from empirical desert -- Implications for criminal justice and other reform -- The content of lay judgements of justice -- Rules of conduct: doctrines of criminalization -- Rules of conduct: doctrines of justification -- Principles of adjudication: doctrines of culpability -- Principles of adjudication: doctrines of excuse -- Principles of adjudication: doctrines of grading -- Law-community agreement and conflict, and its implications -- Empirical studies of lay judgements of justice as a law and policy tool -- Explaining history: shifting views of criminality -- Testing competing theories: blackmail -- Testing competing theories: justification defenses -- Guiding judicial discretion: extralegal punishment factors -- Intuitions of justice &amp; the utility of desert.</subfield>
  </datafield>
  <datafield tag="650" ind1=" " ind2="0">
    <subfield code="a">Criminal justice, Administration of</subfield>
    <subfield code="x">Philosophy.</subfield>
  </datafield>
  <datafield tag="650" ind1=" " ind2="0">
    <subfield code="a">Criminal justice, Administration of</subfield>
    <subfield code="x">Public opinion.</subfield>
  </datafield>
  <datafield tag="650" ind1=" " ind2="0">
    <subfield code="a">Criminal justice, Administration of</subfield>
    <subfield code="x">Moral and ethical aspects.</subfield>
  </datafield>
  <datafield tag="650" ind1=" " ind2="0">
    <subfield code="a">Criminal law</subfield>
    <subfield code="x">Philosophy.</subfield>
  </datafield>
  <datafield tag="650" ind1=" " ind2="0">
    <subfield code="a">Criminal law</subfield>
    <subfield code="x">Public opinion.</subfield>
  </datafield>
  <datafield tag="650" ind1=" " ind2="0">
    <subfield code="a">Criminal law</subfield>
    <subfield code="x">Moral and ethical aspects.</subfield>
  </datafield>
</record>