
<record>
  <leader>01803ccm a2200385 a 4500</leader>
  <controlfield tag="001">17465246</controlfield>
  <controlfield tag="005">20200103111527.0</controlfield>
  <controlfield tag="008">120917s2007    gw fmz|  hi    n  | zxx d</controlfield>
  <datafield tag="906" ind1=" " ind2=" ">
    <subfield code="a">7</subfield>
    <subfield code="b">cbc</subfield>
    <subfield code="c">copycat</subfield>
    <subfield code="d">2</subfield>
    <subfield code="e">ncip</subfield>
    <subfield code="f">20</subfield>
    <subfield code="g">y-genmusic</subfield>
  </datafield>
  <datafield tag="925" ind1="0" ind2=" ">
    <subfield code="a">acquire</subfield>
    <subfield code="b">1 shelf copy</subfield>
    <subfield code="x">policy default</subfield>
  </datafield>
  <datafield tag="955" ind1=" " ind2=" ">
    <subfield code="a">vl26 2012-09-17 z-client</subfield>
    <subfield code="i">vl26 2012-09-17</subfield>
    <subfield code="a">vl26 2012-09-17 c. 2 added</subfield>
    <subfield code="e">vl26 2012-10-01 c.1 &amp; 2 to Music Division</subfield>
  </datafield>
  <datafield tag="010" ind1=" " ind2=" ">
    <subfield code="a">  2012564224</subfield>
  </datafield>
  <datafield tag="020" ind1=" " ind2=" ">
    <subfield code="a">9790014107819</subfield>
  </datafield>
  <datafield tag="024" ind1="2" ind2=" ">
    <subfield code="a">M014107819</subfield>
  </datafield>
  <datafield tag="028" ind1="3" ind2="2">
    <subfield code="a">11087</subfield>
    <subfield code="b">Edition Peters</subfield>
  </datafield>
  <datafield tag="028" ind1="2" ind2="2">
    <subfield code="a">32677</subfield>
    <subfield code="b">C.F. Peters</subfield>
  </datafield>
  <datafield tag="035" ind1=" " ind2=" ">
    <subfield code="a">(OCoLC)ocn191098736</subfield>
  </datafield>
  <datafield tag="035" ind1=" " ind2=" ">
    <subfield code="a">(OCoLC)191098736</subfield>
  </datafield>
  <datafield tag="040" ind1=" " ind2=" ">
    <subfield code="a">OCO</subfield>
    <subfield code="c">OCO</subfield>
    <subfield code="d">OCO</subfield>
    <subfield code="d">DLC</subfield>
  </datafield>
  <datafield tag="042" ind1=" " ind2=" ">
    <subfield code="a">lccopycat</subfield>
  </datafield>
  <datafield tag="043" ind1=" " ind2=" ">
    <subfield code="a">e-ie---</subfield>
  </datafield>
  <datafield tag="050" ind1="0" ind2="0">
    <subfield code="a">M32.8</subfield>
    <subfield code="b">.C45 2007</subfield>
  </datafield>
  <datafield tag="245" ind1="0" ind2="4">
    <subfield code="a">The Celtic piano book :</subfield>
    <subfield code="b">13 Irish traditionals für Klavier : Violine (oder Flöte) und Gitarrenbegleitung ad lib. = for piano : violin (or flute) and guitar accompaniment ad lib. /</subfield>
    <subfield code="c">ausgewählt und hrsausgegeben von Patrick Steinbach ; Klaviersatz von Thomas Peter-Horas.</subfield>
  </datafield>
  <datafield tag="260" ind1=" " ind2=" ">
    <subfield code="a">Frankfurt/M. ;</subfield>
    <subfield code="a">New York :</subfield>
    <subfield code="b">Litolff/C.F. Peters</subfield>
    <subfield code="c">c2007.</subfield>
  </datafield>
  <datafield tag="300" ind1=" " ind2=" ">
    <subfield code="a">1 score (25 p.) + 1 part (16 p.) ;</subfield>
    <subfield code="c">31 cm.</subfield>
  </datafield>
  <datafield tag="490" ind1="1" ind2=" ">
    <subfield code="a">Unterricht und Spiel</subfield>
  </datafield>
  <datafield tag="500" ind1=" " ind2=" ">
    <subfield code="a">Notes in German and English.</subfield>
  </datafield>
  <datafield tag="505" ind1="0" ind2=" ">
    <subfield code="a">The star of the county down -- John Ryan&apos;s polka -- Johnny, I hardly knew yeh -- Sally Gardens -- Red is the rose -- Give me your hand -- Carolan&apos;s welcome -- Fanny Power -- Miss Murphy -- The foggy dew -- Fisher&apos;s hornpipe -- The basket of turf -- Musical priest.</subfield>
  </datafield>
  <datafield tag="650" ind1=" " ind2="0">
    <subfield code="a">Piano music, Arranged.</subfield>
  </datafield>
  <datafield tag="650" ind1=" " ind2="0">
    <subfield code="a">Violin and piano music</subfield>
    <subfield code="v">Scores and parts.</subfield>
  </datafield>
  <datafield tag="650" ind1=" " ind2="0">
    <subfield code="a">Flute and piano music</subfield>
    <subfield code="v">Scores and parts.</subfield>
  </datafield>
  <datafield tag="650" ind1=" " ind2="0">
    <subfield code="a">Folk music</subfield>
    <subfield code="z">Ireland.</subfield>
  </datafield>
  <datafield tag="700" ind1="1" ind2=" ">
    <subfield code="a">Steinbach, Patrick.</subfield>
  </datafield>
  <datafield tag="700" ind1="1" ind2=" ">
    <subfield code="a">Peter-Horas, Thomas.</subfield>
  </datafield>
  <datafield tag="830" ind1=" " ind2="0">
    <subfield code="a">Unterricht und Spiel.</subfield>
  </datafield>
</record>