
<record>
  <leader>01973cam a2200325 a 4500</leader>
  <controlfield tag="001">17470230</controlfield>
  <controlfield tag="005">20200103144148.0</controlfield>
  <controlfield tag="008">120921s2012    ne       b    001 0 eng d</controlfield>
  <datafield tag="906" ind1=" " ind2=" ">
    <subfield code="a">7</subfield>
    <subfield code="b">cbc</subfield>
    <subfield code="c">copycat</subfield>
    <subfield code="d">2</subfield>
    <subfield code="e">ncip</subfield>
    <subfield code="f">20</subfield>
    <subfield code="g">y-gencatlg</subfield>
  </datafield>
  <datafield tag="925" ind1="0" ind2=" ">
    <subfield code="a">acquire</subfield>
    <subfield code="b">1 shelf copy</subfield>
    <subfield code="x">policy default</subfield>
  </datafield>
  <datafield tag="955" ind1=" " ind2=" ">
    <subfield code="b">xg16 2012-09-21 z-processor</subfield>
    <subfield code="i">xg16 2012-09-21 to BCCD c. 1-2</subfield>
  </datafield>
  <datafield tag="010" ind1=" " ind2=" ">
    <subfield code="a">  2012471353</subfield>
  </datafield>
  <datafield tag="020" ind1=" " ind2=" ">
    <subfield code="a">9789041131683 (hbk. : alk. paper)</subfield>
  </datafield>
  <datafield tag="020" ind1=" " ind2=" ">
    <subfield code="a">904113168X (hbk. : alk. paper)</subfield>
  </datafield>
  <datafield tag="035" ind1=" " ind2=" ">
    <subfield code="a">(OCoLC)ocn788244275</subfield>
  </datafield>
  <datafield tag="040" ind1=" " ind2=" ">
    <subfield code="a">BTCTA</subfield>
    <subfield code="b">eng</subfield>
    <subfield code="c">BTCTA</subfield>
    <subfield code="d">DLC</subfield>
    <subfield code="d">YDXCP</subfield>
    <subfield code="d">BWX</subfield>
    <subfield code="d">GUL</subfield>
    <subfield code="d">ERASA</subfield>
    <subfield code="d">CDX</subfield>
    <subfield code="d">GWL</subfield>
    <subfield code="d">OHX</subfield>
    <subfield code="d">CGU</subfield>
    <subfield code="d">WLL</subfield>
    <subfield code="d">LOA</subfield>
    <subfield code="d">DLC</subfield>
  </datafield>
  <datafield tag="042" ind1=" " ind2=" ">
    <subfield code="a">lccopycat</subfield>
    <subfield code="a">lccopycat</subfield>
  </datafield>
  <datafield tag="050" ind1="0" ind2="0">
    <subfield code="a">K2400</subfield>
    <subfield code="b">.W348 2012</subfield>
  </datafield>
  <datafield tag="072" ind1=" " ind2="7">
    <subfield code="a">K</subfield>
    <subfield code="2">lcco</subfield>
  </datafield>
  <datafield tag="100" ind1="1" ind2=" ">
    <subfield code="a">Waincymer, Jeffrey.</subfield>
  </datafield>
  <datafield tag="245" ind1="1" ind2="0">
    <subfield code="a">Procedure and evidence in international arbitration /</subfield>
    <subfield code="c">Jeffrey Waincymer.</subfield>
  </datafield>
  <datafield tag="260" ind1=" " ind2=" ">
    <subfield code="a">Alphen aan den Rijn, The Netherlands :</subfield>
    <subfield code="b">Kluwer Law International ;</subfield>
    <subfield code="a">Frederick, Md. :</subfield>
    <subfield code="b">Sold and distributed in North, Central, and South America by Aspen Publishers,</subfield>
    <subfield code="c">c2012.</subfield>
  </datafield>
  <datafield tag="300" ind1=" " ind2=" ">
    <subfield code="a">xlii, 1363 p. ;</subfield>
    <subfield code="c">25 cm.</subfield>
  </datafield>
  <datafield tag="504" ind1=" " ind2=" ">
    <subfield code="a">Includes bibliographical references and index.</subfield>
  </datafield>
  <datafield tag="505" ind1="0" ind2=" ">
    <subfield code="a">The Nature of procedure and policy considerations -- Powers, rights and duties of arbitrators -- The Procedural framework for international arbitration -- Written notices, submissions and the articulation of claims and defences -- Selection, challenge and change of arbitrators -- Establishing the procedural framework -- Complex arbitration -- Preliminary, interim and dispositive determinations -- Hearings -- Approaches to evidence and fact finding -- Documentary evidence -- General witness and expert evidence -- Procedure and evidence in choice of law and interpretation -- Remedies and interest -- Costs in arbitration -- The Award.</subfield>
  </datafield>
  <datafield tag="504" ind1=" " ind2=" ">
    <subfield code="a">Includes bibliographical references and index.</subfield>
  </datafield>
  <datafield tag="650" ind1=" " ind2="0">
    <subfield code="a">Arbitration (International law)</subfield>
  </datafield>
  <datafield tag="650" ind1=" " ind2="0">
    <subfield code="a">International commercial arbitration.</subfield>
  </datafield>
  <datafield tag="650" ind1=" " ind2="0">
    <subfield code="a">Evidence (Law)</subfield>
  </datafield>
  <datafield tag="650" ind1=" " ind2="0">
    <subfield code="a">Procedure (Law)</subfield>
  </datafield>
</record>