
<record>
  <leader>03350ckm a22004097a 4500</leader>
  <controlfield tag="001">17483189</controlfield>
  <controlfield tag="005">20200103222635.0</controlfield>
  <controlfield tag="007">kh bo|</controlfield>
  <controlfield tag="007">cr |||||||||||</controlfield>
  <controlfield tag="008">121003s1900    xxunnn            kneng  </controlfield>
  <datafield tag="906" ind1=" " ind2=" ">
    <subfield code="a">7</subfield>
    <subfield code="b">cbc</subfield>
    <subfield code="c">orignew</subfield>
    <subfield code="d">u</subfield>
    <subfield code="e">ncip</subfield>
    <subfield code="f">20</subfield>
    <subfield code="g">y-printpho</subfield>
  </datafield>
  <datafield tag="955" ind1=" " ind2=" ">
    <subfield code="a">qw09 2012-10</subfield>
  </datafield>
  <datafield tag="010" ind1=" " ind2=" ">
    <subfield code="a">  2012648250</subfield>
  </datafield>
  <datafield tag="037" ind1=" " ind2=" ">
    <subfield code="a">LC-DIG-ds-03106</subfield>
    <subfield code="b">DLC</subfield>
    <subfield code="c">(digital file from original item)</subfield>
  </datafield>
  <datafield tag="037" ind1=" " ind2=" ">
    <subfield code="a">LC-B8184-10454</subfield>
    <subfield code="b">DLC</subfield>
    <subfield code="c">(b&amp;w film copy neg.)</subfield>
  </datafield>
  <datafield tag="040" ind1=" " ind2=" ">
    <subfield code="a">DLC</subfield>
    <subfield code="c">DLC</subfield>
    <subfield code="e">gihc</subfield>
  </datafield>
  <datafield tag="050" ind1="0" ind2="0">
    <subfield code="a">PRES FILE - Lincoln, Abraham--Gettysburg Address</subfield>
    <subfield code="b">[item]</subfield>
  </datafield>
  <datafield tag="245" ind1="0" ind2="0">
    <subfield code="a">[Lincoln&apos;s Gettysburg Address, Gettysburg]</subfield>
    <subfield code="h">[graphic].</subfield>
  </datafield>
  <datafield tag="260" ind1=" " ind2=" ">
    <subfield code="c">[1863, printed later]</subfield>
  </datafield>
  <datafield tag="300" ind1=" " ind2=" ">
    <subfield code="a">1 photographic print.</subfield>
  </datafield>
  <datafield tag="520" ind1="0" ind2=" ">
    <subfield code="a">Photo is a reprint of a small detail of a photo showing the crowd gathered for the dedication of the Soldiers&apos; National Cemetery in Gettysburg, Penn., where President Abraham Lincoln gave his now famous speech, the Gettysburg Address. Lincoln is visible facing the crowd, not wearing a hat, about an inch below the third flag from the left. Josephine Cobb first found Lincoln&apos;s face while working with a glass plate negative at the National Archives in 1952. (Source: NARA, Rare Photo of Lincoln at Gettysburg, http://blogs.archives.gov/prologue/?p=2564)</subfield>
  </datafield>
  <datafield tag="500" ind1=" " ind2=" ">
    <subfield code="a">Caption label from exhibit of digital copy in &quot;American Treasures--Top Treasures&quot;: The Dedication Ceremony, November 19, 1863. These modern prints show the crowd around the platform at Gettysburg and a detail from that picture of President Lincoln on the platform. The original glass plate from the Mathew Brady Collection lay unidentified in the National Archives until 1952, when Josephine Cobb, chief of the Still Pictures Branch, recognized Lincoln in the center of the detail, hatless and probably seated; his bodyguard, Ward Lamon; and Governor Andrew Curtin of Pennsylvania. Cobb estimated that the photograph was taken about noon, three hours before Lincoln gave his now famous address. Scholars have disagreed on the identification of the figures in the photograph, but the best consensus is as follows: Lincoln&apos;s private secretaries, John Hay and John Nicolay, orator Edward Everett, and Gettysburg attorney and organizer David Wills.</subfield>
  </datafield>
  <datafield tag="535" ind1="1" ind2=" ">
    <subfield code="a">Original photo is at the National Archives. The Library has a print of the whole photo in LOT 4167-A, no. 21.</subfield>
  </datafield>
  <datafield tag="500" ind1=" " ind2=" ">
    <subfield code="a">Photographer attributions vary from unidentified (William Frassanito) to Mathew Brady (NARA) and David Bachrach (Center for Civil War Photography).</subfield>
  </datafield>
  <datafield tag="540" ind1=" " ind2=" ">
    <subfield code="a">No known restrictions on publication.</subfield>
  </datafield>
  <datafield tag="500" ind1=" " ind2=" ">
    <subfield code="a">Title devised by Library staff.</subfield>
  </datafield>
  <datafield tag="600" ind1="1" ind2="0">
    <subfield code="a">Lincoln, Abraham,</subfield>
    <subfield code="d">1809-1865.</subfield>
    <subfield code="t">Gettysburg address.</subfield>
  </datafield>
  <datafield tag="600" ind1="1" ind2="4">
    <subfield code="a">Lincoln, Abraham,</subfield>
    <subfield code="d">1809-1865.</subfield>
    <subfield code="x">Public appearances</subfield>
    <subfield code="z">Pennsylvania</subfield>
    <subfield code="z">Gettysburg.</subfield>
  </datafield>
  <datafield tag="650" ind1=" " ind2="7">
    <subfield code="a">Public speaking</subfield>
    <subfield code="z">Pennsylvania</subfield>
    <subfield code="z">Gettysburg</subfield>
    <subfield code="y">1860-1870.</subfield>
    <subfield code="2">lctgm</subfield>
  </datafield>
  <datafield tag="650" ind1=" " ind2="7">
    <subfield code="a">Crowds</subfield>
    <subfield code="z">Pennsylvania</subfield>
    <subfield code="z">Gettysburg</subfield>
    <subfield code="y">1860-1870.</subfield>
    <subfield code="2">lctgm</subfield>
  </datafield>
  <datafield tag="651" ind1=" " ind2="4">
    <subfield code="a">United States</subfield>
    <subfield code="x">History</subfield>
    <subfield code="y">Civil War, 1861-1865</subfield>
    <subfield code="z">Pennsylvania</subfield>
    <subfield code="z">Gettysburg.</subfield>
  </datafield>
  <datafield tag="655" ind1=" " ind2="7">
    <subfield code="a">Photographic prints</subfield>
    <subfield code="y">1860-1870.</subfield>
    <subfield code="2">gmgpc</subfield>
  </datafield>
  <datafield tag="852" ind1=" " ind2=" ">
    <subfield code="a">Library of Congress</subfield>
    <subfield code="b">Prints and Photographs Division</subfield>
    <subfield code="e">Washington, D.C. 20540 USA</subfield>
    <subfield code="n">dcu</subfield>
    <subfield code="u">http://hdl.loc.gov/loc.pnp/pp.print</subfield>
  </datafield>
  <datafield tag="856" ind1="4" ind2="1">
    <subfield code="3">digital file from original item</subfield>
    <subfield code="d">ds</subfield>
    <subfield code="f">03106</subfield>
    <subfield code="q">p</subfield>
    <subfield code="u">http://hdl.loc.gov/loc.pnp/ds.03106</subfield>
  </datafield>
  <datafield tag="985" ind1=" " ind2=" ">
    <subfield code="a">pp/cph</subfield>
  </datafield>
  <datafield tag="985" ind1=" " ind2=" ">
    <subfield code="a">pp/diof</subfield>
  </datafield>
  <datafield tag="991" ind1=" " ind2=" ">
    <subfield code="b">c-P&amp;P</subfield>
  </datafield>
</record>