
<record>
  <leader>03508cam a2200313 i 4500</leader>
  <controlfield tag="001">17550409</controlfield>
  <controlfield tag="005">20200103142605.0</controlfield>
  <controlfield tag="008">121205s2013    nyu      b    001 0 eng  </controlfield>
  <datafield tag="906" ind1=" " ind2=" ">
    <subfield code="a">7</subfield>
    <subfield code="b">cbc</subfield>
    <subfield code="c">orignew</subfield>
    <subfield code="d">1</subfield>
    <subfield code="e">ecip</subfield>
    <subfield code="f">20</subfield>
    <subfield code="g">y-gencatlg</subfield>
  </datafield>
  <datafield tag="925" ind1="0" ind2=" ">
    <subfield code="a">acquire</subfield>
    <subfield code="b">1 shelf copy</subfield>
    <subfield code="x">policy default</subfield>
  </datafield>
  <datafield tag="955" ind1=" " ind2=" ">
    <subfield code="b">xj15 2012-12-05</subfield>
    <subfield code="c">xj15 2012-12-05</subfield>
    <subfield code="a">xj15 2012-12-05 to LAW</subfield>
    <subfield code="i">xg08 2012-12-05 (desc revised)</subfield>
    <subfield code="e">xg13 2012-12-05 to Dewey</subfield>
    <subfield code="w">rd05 2012-12-05</subfield>
    <subfield code="a">xn09 2013-09-18 1 copy rec&apos;d., to CIP ver.</subfield>
    <subfield code="f">xg11 2013-09-19 to LL</subfield>
    <subfield code="t">xg21 2013-11-15 copy 2 added</subfield>
  </datafield>
  <datafield tag="010" ind1=" " ind2=" ">
    <subfield code="a">  2012046834</subfield>
  </datafield>
  <datafield tag="020" ind1=" " ind2=" ">
    <subfield code="a">9781107025110 (hardback)</subfield>
  </datafield>
  <datafield tag="040" ind1=" " ind2=" ">
    <subfield code="a">DLC</subfield>
    <subfield code="b">eng</subfield>
    <subfield code="c">DLC</subfield>
    <subfield code="e">rda</subfield>
    <subfield code="d">DLC</subfield>
  </datafield>
  <datafield tag="042" ind1=" " ind2=" ">
    <subfield code="a">pcc</subfield>
  </datafield>
  <datafield tag="050" ind1="0" ind2="0">
    <subfield code="a">K1327</subfield>
    <subfield code="b">.C6524 2013</subfield>
  </datafield>
  <datafield tag="082" ind1="0" ind2="0">
    <subfield code="a">346/.0662</subfield>
    <subfield code="2">23</subfield>
  </datafield>
  <datafield tag="245" ind1="0" ind2="0">
    <subfield code="a">Comparative corporate governance :</subfield>
    <subfield code="b">a functional and international analysis /</subfield>
    <subfield code="c">edited by Andreas Fleckner and Klaus J. Hopt.</subfield>
  </datafield>
  <datafield tag="264" ind1=" " ind2="1">
    <subfield code="a">New York :</subfield>
    <subfield code="b">Cambridge University Press,</subfield>
    <subfield code="c">2013.</subfield>
  </datafield>
  <datafield tag="300" ind1=" " ind2=" ">
    <subfield code="a">xxxiii, 1141 pages ;</subfield>
    <subfield code="c">24 cm.</subfield>
  </datafield>
  <datafield tag="336" ind1=" " ind2=" ">
    <subfield code="a">text</subfield>
    <subfield code="2">rdacontent</subfield>
  </datafield>
  <datafield tag="337" ind1=" " ind2=" ">
    <subfield code="a">unmediated</subfield>
    <subfield code="2">rdamedia</subfield>
  </datafield>
  <datafield tag="338" ind1=" " ind2=" ">
    <subfield code="a">volume</subfield>
    <subfield code="2">rdacarrier</subfield>
  </datafield>
  <datafield tag="490" ind1="0" ind2=" ">
    <subfield code="a">International corporate law and financial market regulation</subfield>
  </datafield>
  <datafield tag="504" ind1=" " ind2=" ">
    <subfield code="a">Includes bibliographical references and index</subfield>
  </datafield>
  <datafield tag="505" ind1="0" ind2=" ">
    <subfield code="a">Comparative corporate governance : the state of the art and international regulation / Klaus J. Hopt -- Australia : the architecture of corporate governance / Jennifer G. Hill -- China : corporate governance of business organizations / Junhai Liu and Knut B. Pissler -- Taiwan : corporate governance of publicly held companies / Wen-Yeu Wang and Wang-Ruu Tseng -- Japan : listed companies&apos; corporate governance / Nobuo Nakamura -- Austria : legal framework of corporate governance / Susanne Kalss -- Belgium : the legal system of corporate governance / Alexia Autenne -- Denmark : corporate governance in Denmark / Jan S. Christensen -- Finland : corporate governance : nordic tradition with American spices / Jukka T. Mähönen -- France : the permanent reform of corporate governance / Pierre-Henri Conac -- Georgia : corporate governance of business corporations / Lado Chanturia and George Jugeli -- Germany : internal and external corporate governance / Hanno Merkt -- Hungary : corporate governance of listed companies / Péter J. Nikolicza -- Luxembourg : corporate governance of listed companies / Isabelle Corbisier and Pierre-Henri Conac -- Netherlands : corporate governance in the Netherlands / Jaron van Bekkum, Steven Hijink, Michael C. Schouten and Jaap W. Winter -- Norway : corporate governance on the outskirts of the EU / Beate Sjåfjell and Cecilie Kjelland -- Poland : corporate governance of joint stock companies / Stanislaw Soltysiński -- Portugal : synopsis on corporate governance / Jorge M. Coutinho de Abreu -- Spain : listed companies&apos; governance / José A. García-Cruces González and Ignacio Moralejo Menéndez -- Switzerland : the system of corporate governance / Peter V. Kunz -- United Kingdom : the scope and dynamics of corporate governance regulation / Marc T. Moore -- Argentina : corporate governance of private and public companies / Raúl A. Etcheverry and Rafael M. Manóvil -- Brazil : new developments in corporate governance / Nelson L. Eizirik and Ana C. Weber -- United States : corporate governance for publicly traded corporations / Arthur R. Pinto and Franklin A. Gevurtz.</subfield>
  </datafield>
  <datafield tag="650" ind1=" " ind2="0">
    <subfield code="a">Corporate governance</subfield>
    <subfield code="x">Law and legislation.</subfield>
  </datafield>
  <datafield tag="700" ind1="1" ind2=" ">
    <subfield code="a">Fleckner, Andreas M.,</subfield>
    <subfield code="e">editor of compilation.</subfield>
  </datafield>
  <datafield tag="700" ind1="1" ind2=" ">
    <subfield code="a">Hopt, Klaus J.,</subfield>
    <subfield code="d">1940-</subfield>
    <subfield code="e">editor of compilation.</subfield>
  </datafield>
</record>